3770 5738
1635 482 1785 585 31·

383 679 570 744 blica
615 678 683 755 (i.
735 695 796 743 e.
846 678 1086 754 fiscus)
1132 696 1356 759 neque
1405 679 1668 743 domini
1718 679 1846 745 tali
1879 680 2147 745 ordinis
2172 678 2728 746 commutatione
2756 682 2979 746 ullum

387 796 901 862 detrimentum
979 800 1330 877 caperent.
1409 797 1667 862 Invitis
1742 798 2047 862 dominis
2125 798 2319 863 nulla
2392 799 2742 865 ordinatio
2818 803 2979 865 rata

390 915 782 980 habebatur
808 909 881 992 ¹).
954 914 1212 981 Postea
1272 917 1513 980 autem
1560 915 1967 981 Justiniano
2018 916 2284 997 placuit
2333 919 2414 981 ut
2462 917 2679 982 etiam
2728 892 2978 983 invitis

392 1033 919 1115 possessoribus
989 1033 1224 1099 clerici
1283 1033 1433 1098 fieri
1489 1037 1780 1116 possent
1831 1035 1899 1099 in
1949 1034 2256 1117 praediis
2306 1052 2484 1116 quae
2532 1036 2975 1118 habitarent;

396 1169 479 1217 ea
546 1169 796 1217 rursus
844 1152 1247 1218 condicione
1297 1155 1378 1217 ut
1419 1169 1629 1235 opera
1677 1169 1808 1217 sua
1854 1153 2123 1218 rustica
2169 1171 2291 1235 per
2337 1153 2512 1218 alios
2559 1153 2981 1236 perficienda

399 1272 730 1335 curarent
755 1266 826 1347 2).
903 1269 1160 1351 Quodsi
1232 1270 1544 1352 ecclesia,
1593 1270 1700 1337 uti
1749 1270 2044 1354 solebat,
2098 1271 2257 1353 plus
2307 1289 2516 1352 quam
2564 1289 2780 1337 unam
2826 1290 2978 1355 pos-

401 1388 785 1454 sessionem
853 1388 1474 1469 complectebatur,
1546 1389 1616 1454 in
1690 1405 1772 1455 ea
1842 1392 2130 1455 tantum
2197 1393 2399 1472 parte
2450 1390 2782 1455 clericum
2830 1390 2979 1455 fieri

402 1506 678 1588 licebat,
728 1506 847 1571 ubi
895 1506 1185 1573 colonus
1233 1506 1381 1587 ipse
1429 1509 1585 1572 erat
1634 1507 1917 1588 praedio
1966 1508 2353 1573 adstrictus
2379 1503 2449 1585 3).

492 1626 552 1690 3.
610 1625 936 1691 wansitu
979 1625 1072 1690 ad
1116 1612 1331 1691 aliam
1367 1626 1828 1692 condicionem.
1860 1626 2463 1708 Quemadmodum
2489 1626 2788 1692 curiales
2813 1645 2976 1692 non-

407 1760 783 1824 nunquam,
845 1746 928 1808 ut
976 1743 1311 1824 obsequia
1359 1744 1787 1809 condicionis
1832 1744 2344 1827 detrectarent,
2394 1745 2462 1809 in
2513 1763 2719 1826 agros
2765 1746 2975 1826 fugie-

404 1863 574 1927 bant
639 1868 730 1943 (p.
805 1863 960 1945 25.),
1016 1863 1119 1928 ita
1166 1863 1524 1928 interdum
1574 1863 1799 1928 coloni
1848 1863 1932 1928 ad
1986 1863 2243 1946 oppida
2288 1863 2805 1947 confugiebant,
2857 1863 2975 1929 ubi

406 1998 686 2064 operam
757 1997 956 2046 suam
1031 1982 1264 2047 curiae
1321 1981 1431 2047 vel
1483 1982 1772 2063 collegio
1819 1982 2099 2047 cuidam
2148 1982 2499 2048 offerrent.
2551 1981 2807 2063 Quodsi
2855 1982 2975 2066 ibi,

342 2096 353 2104 ’
408 2099 475 2164 in
523 2100 838 2181 ipsorum
883 2100 1248 2182 provincia
1295 2118 1418 2183 per
1463 2099 1702 2182 XXX,
1750 2101 1820 2165 in
1869 2100 2011 2165 alia
2056 2100 2184 2165 XL
2234 2117 2478 2181 annOS,
2527 2100 2810 2165 obnoxii
2836 2099 2975 2166 fue-

408 2221 566 2283 rant
615 2234 840 2298 neque
896 2236 939 2284 a
983 2235 1333 2299 quoquam
1380 2223 1585 2285 erant
1631 2219 1939 2303 repetiti,
1989 2219 2086 2284 ibi
2134 2220 2517 2284 manebant
2564 2234 2790 2298 neque
2827 2219 2974 2301 jam

407 2337 589 2403 actio
638 2336 1006 2403 colonatus
1055 2338 1207 2403 sive
1253 2338 1718 2419 inquilinatus
1763 2338 2241 2421 accipiebatur
2268 2332 2337 2413 ⁴).

413 2575 1049 2644 ruralibusobsequiis
1084 2589 1202 2644 quo
1238 2576 1524 2631 maluerit
1559 2571 1884 2645 subrogato
1921 2574 2229 2645 fungatur,
2254 2589 2326 2630 ea
2343 2575 2572 2631 scilicet
2589 2575 2976 2632 immunitate

412 2661 663 2731 indulta,
702 2675 854 2730 quae
892 2663 1088 2717 certae
1125 2662 1505 2732 capitationis
1541 2663 1901 2718 venerandis
1920 2663 2186 2718 ecclesiis
2206 2662 2540 2718 relaxatur:
2579 2662 2745 2718 nullo
2763 2665 2975 2718 contra

417 2749 569 2805 hanc
604 2750 802 2819 legem
837 2749 1097 2806 valituro
1135 2750 1442 2819 rescripto,

482 2837 522 2905 ¹)
558 2836 622 2893 L.
658 2836 744 2893 36.
783 2835 926 2906 (37).·
952 2835 1011 2893 C.
1047 2836 1101 2893 J.
1135 2836 1182 2893 1.
1218 2837 1268 2893 3.
1326 2836 1623 2894 Jubemus
1675 2837 2195 2907 adscripticiorum
2251 2837 2585 2893 creationes
2638 2837 2973 2894 secundum

414 2927 676 2980 veterem
713 2925 1234 2995 constitutionem,
1271 2926 1389 2981 nisi
1428 2926 1808 2981 dominorum
1845 2926 2313 2994 possessionum,
2348 2923 2509 2980 unde
2546 2925 2785 2981 oriundi
2808 2927 2976 2996 sunt,

411 3012 654 3068 evidens
706 3013 1076 3067 concurrerit
1131 3026 1481 3078 consensus,
1536 3013 1766 3069 nullius
1821 3014 2070 3082 penitus
2121 3026 2256 3068 esse
2291 3013 2606 3082 momenti,
2642 3013 2746 3069 sed
2782 3013 2975 3069 isdem

414 3097 731 3162 fundorum
788 3099 1067 3171 dominis,
1105 3100 1209 3169 qui
1248 3099 1550 3156 faciendae
1587 3100 1876 3155 creationi
1915 3115 2038 3155 non
2073 3100 2231 3155 sicut
2268 3099 2500 3155 dictum
2536 3101 2631 3155 est
2665 3100 2977 3156 evidenter

415 3187 846 3258 consenserint,
874 3186 979 3255 jus
1014 3187 1323 3257 proprium
1360 3187 1434 3242 ad
1470 3185 1936 3244 similitudinem
1972 3189 2312 3244 ceterorum
2348 3187 2695 3248 colonorum
2730 3188 2795 3243 in
2831 3201 2976 3243 suos

417 3272 817 3344 adscripticios
855 3275 1195 3345 exercendi,
1233 3276 1545 3344 tamquam
1582 3276 1632 3330 si
1669 3275 1838 3331 nulla
1867 3276 2090 3331 creatio
2107 3275 2571 3344 intercessisset,
2595 3275 2780 3330 tribui
2798 3274 2974 3331 facul·

417 3361 616 3417 tatem.
673 3361 962 3430 Idemque
999 3362 1113 3418 hoc
1148 3376 1329 3431 super
1363 3362 1483 3418 illis
1519 3377 1754 3443 qqoque
1793 3363 2068 3431 agricolis
2103 3361 2483 3417 decernimus
2518 3363 2837 3433 observari,
2872 3362 2973 3431 qui

418 3460 546 3503 cum
602 3449 810 3504 essent
862 3449 1275 3518 adscripticiae
1330 3450 1588 3505 nexibus
1643 3449 2009 3505 condicionis
2045 3449 2385 3519 conscripti,
2421 3449 2748 3505 solitariam
2783 3450 2973 3520 vitam

419 3533 685 3591 videlicet
740 3537 1099 3607 appetentes
1135 3537 1503 3606 quibuslibet
1538 3550 1670 3592 sese
1705 3536 2092 3592 monasteriis
2128 3538 2340 3592 contra
2373 3533 2757 3592 voluntatem
2794 3537 2974 3593 domi·

420 3635 626 3678 norum
663 3623 990 3680 fundorum
1027 3623 1317 3680 duxerint
1353 3623 1706 3680 offerendos.

483 3710 522 3774 ²)
556 3711 706 3766 Nov.
741 3710 903 3767 Just.
940 3711 1221 3767 CXXIII.
1255 3726 1380 3781 cap.
1418 3712 1483 3767 17
1504 3753 1517 3767 .
1540 3753 1553 3767 .
1576 3752 1588 3767 .
1611 3753 1624 3767 .
1667 3711 2095 3781 Adscripticios
2131 3713 2337 3766 autem
2371 3711 2437 3766 in
2475 3711 2622 3781 ipsis
2657 3712 2973 3781 possessio·

420 3797 589 3852 nibus
634 3813 892 3867 quarum
930 3799 1079 3854 sunt
1115 3799 1488 3868 inscription,
1526 3799 1769 3855 clericos
1806 3799 1868 3854 et
1905 3800 2141 3868 praeter
2177 3797 2558 3853 voluntatem
2594 3798 2974 3854 dominorum

420 3882 535 3940 fieri
588 3886 1037 3956 permittimus;
1089 3887 1178 3943 ita
1236 3889 1461 3957 tamen,
1498 3888 1570 3941 ut
1606 3886 1802 3942 clerici
1838 3886 1981 3942 facti
2018 3887 2362 3956 impositam
2397 3885 2509 3940 sibi
2545 3885 2974 3954 agriculturam

421 3971 569 4028 adim
609 3974 796 4029 leant.

482 4058 520 4124 ⁸)
556 3987 620 4116 112).
657 4061 740 4117 11.
778 4060 838 4116 Ο.
875 4060 929 4117 J.
967 4060 1015 4116 I.
1051 4062 1104 4116 3.
1122 4062 1420 4132 Ecclesiis,
1440 4076 1592 4131 quae
1612 4062 1676 4117 in
1698 4061 2199 4154 possessionibus,
2220 4061 2291 4114 ut
2310 4058 2558 4125 adsolet,
2582 4058 2974 4130 diversorum,

423 4144 560 4203 vicis
593 4149 781 4204 etiam
819 4149 914 4204 vel
952 4149 1323 4218 quibuslibet
1360 4149 1506 4206 locis
1542 4150 1690 4204 sunt
1728 4149 2120 4219 constitutae,
2159 4147 2355 4203 clerici
2377 4162 2498 4202 non
2518 4161 2595 4202 ex
2614 4147 2732 4202 alia
2750 4161 2974 4216 posses·

425 4230 577 4290 sione
613 4236 710 4291 vel
747 4236 896 4307 vicO,
932 4237 1038 4293 sed
1075 4251 1154 4292 ex
1190 4251 1278 4308 e0,
1314 4238 1415 4292 ubi
1455 4237 1766 4293 ecclesiam
1805 4251 1937 4291 esse
1975 4236 2339 4305 constiterit,
2362 4234 2737 4302 ordinentur,
2760 4236 2831 4289 ut
2849 4248 2974 4305 pro·

425 4320 572 4384 Priae
625 4324 1015 4393 capitationis
1051 4339 1206 4380 onus
1240 4339 1309 4380 ac
1346 4325 1644 4380 sarcinam
1681 4325 2142 4394 recognoscant;
2179 4324 2268 4378 ita
2304 4325 2375 4378 ut
2410 4338 2515 4392 pro
2551 4323 2975 4391 magnitudine

426 4406 510 4462 vel
561 4410 908 4467 celebritate
964 4411 1443 4481 uniuscujusque
1498 4412 1613 4468 vici
1650 4412 1920 4468 ecclesiis
1956 4413 2159 4467 certus
2187 4411 2414 4479 judicio
2449 4410 2706 4479 episcopi
2745 4410 2977 4467 clerico·

427 4502 549 4551 rum
582 4512 875 4554 numerus
912 4499 1241 4555 ordinetur.
2545 4528 2560 4545 ·

410 4615 419 4624 ·
486 4581 525 4647 ⁴)
559 4584 619 4641 L.
653 4585 705 4642 2.
742 4585 802 4642 0.
841 4585 949 4642 Th.
985 4586 1127 4642 XII.
1163 4587 1246 4642 19.
1284 4587 1576 4644 Actiones
1612 4587 1884 4657 publicas
1921 4587 2309 4657 privatasque
2348 4599 2469 4641 non
2508 4583 2718 4640 eadem
2742 4585 2976 4641 ratione

432 4670 846 4745 concludimus,
882 4674 934 4729 si
973 4674 1219 4746 quidem
1237 4675 1430 4732 statui
1451 4675 1688 4745 publico
1706 4674 2044 4745 impensius
2062 4672 2498 4743 providendum
2518 4674 2632 4728 est.
2653 4672 2801 4739 (Hoc
2818 4687 2976 4744 spec-

435 4751 522 4808 tat
553 4758 623 4814 ad
657 4759 868 4831 legem,
906 4775 1058 4831 quae
1095 4761 1421 4833 antecedit,
1457 4763 1738 4818 statuens
1775 4770 1847 4816 ut
1875 4761 2148 4831 curialeS,
2167 4760 2564 4829 magistratus
2582 4760 2668 4815 rei
2689 4760 2976 4830 publicae,

435 4850 632 4914 Μηρὸν·
663 4848 852 4918 repeti
889 4849 1164 4918 possint.)
1200 4849 1355 4906 Eum
1394 4849 1601 4920 igitur,
1618 4850 1741 4940 'qui
1778 4850 1979 4906 curiae
2016 4848 2110 4904 vel
2138 4847 2386 4917 collegio
2403 4849 2499 4904 vel
2516 4848 2724 4916 burgis
2740 4848 2975 4906 ceteris·
