<?xml version="1.0" encoding="UTF-8"?>
<!DOCTYPE html PUBLIC "-//W3C//DTD XHTML 1.0 Transitional//EN"
    "http://www.w3.org/TR/xhtml1/DTD/xhtml1-transitional.dtd">
<html xmlns="http://www.w3.org/1999/xhtml" xml:lang="en" lang="en">
 <head>
  <title>
</title>
<meta http-equiv="Content-Type" content="text/html;charset=utf-8" />
  <meta name='ocr-system' content='tesseract 3.04.00' />
  <meta name='ocr-capabilities' content='ocr_page ocr_carea ocr_par ocr_line ocrx_word'/>
</head>
<body>
  <div class='ocr_page' id='page_1' title='image "./decolonaturoman00bolkgoog_0056.png"; bbox 0 0 3770 5738; ppageno 0'>
   <div class='ocr_carea' id='block_1_1' title="bbox 2043 482 2131 547">
    <p class='ocr_par' dir='ltr' id='par_1_1' title="bbox 2043 482 2131 547">
     <span class='ocr_line' id='line_1_1' title="bbox 2043 482 2131 547; baseline 0.011 -1"><span class='ocrx_word' id='word_1_1' title='bbox 2043 482 2131 547; x_wconf 86' lang='lat'>34</span> 
     </span>
    </p>
   </div>
   <div class='ocr_carea' id='block_1_2' title="bbox 801 679 3372 2652">
    <p class='ocr_par' dir='ltr' id='par_1_2' title="bbox 801 679 3369 1230">
     <span class='ocr_line' id='line_1_2' title="bbox 803 679 3365 764; baseline 0 -19"><span class='ocrx_word' id='word_1_2' title='bbox 803 683 878 746; x_wconf 90' lang='lat' dir='ltr'>et</span> <span class='ocrx_word' id='word_1_3' title='bbox 945 680 1373 745; x_wconf 88' lang='lat' dir='ltr'>Theodosius</span> <span class='ocrx_word' id='word_1_4' title='bbox 1448 729 1478 764; x_wconf 86' lang='lat'>„</span> <span class='ocrx_word' id='word_1_5' title='bbox 1512 727 1527 744; x_wconf 94' lang='lat'>.</span> <span class='ocrx_word' id='word_1_6' title='bbox 1558 679 1814 745; x_wconf 89' lang='lat' dir='ltr'>..licet</span> <span class='ocrx_word' id='word_1_7' title='bbox 1882 680 2289 745; x_wconf 89' lang='lat' dir='ltr'>condicione</span> <span class='ocrx_word' id='word_1_8' title='bbox 2361 680 2739 745; x_wconf 89' lang='lat' dir='ltr'>videantur</span> <span class='ocrx_word' id='word_1_9' title='bbox 2812 681 3118 762; x_wconf 82' lang='lat' dir='ltr'>ingenui,</span> <span class='ocrx_word' id='word_1_10' title='bbox 3185 683 3365 746; x_wconf 85' lang='lat' dir='ltr'>servi</span> 
     </span>
     <span class='ocr_line' id='line_1_3' title="bbox 801 797 3368 880; baseline 0 -17"><span class='ocrx_word' id='word_1_11' title='bbox 801 800 1041 864; x_wconf 88' lang='lat' dir='ltr'>tamen</span> <span class='ocrx_word' id='word_1_12' title='bbox 1113 801 1341 862; x_wconf 90' lang='lat' dir='ltr'>terrae</span> <span class='ocrx_word' id='word_1_13' title='bbox 1411 797 1636 880; x_wconf 89' lang='lat' dir='ltr'>ipsius</span> <span class='ocrx_word' id='word_1_14' title='bbox 1705 797 1818 863; x_wconf 89' lang='lat' dir='ltr'>cui</span> <span class='ocrx_word' id='word_1_15' title='bbox 1891 798 2040 862; x_wconf 90' lang='lat' dir='ltr'>nati</span> <span class='ocrx_word' id='word_1_16' title='bbox 2106 801 2275 863; x_wconf 90' lang='lat' dir='ltr'>sunt</span> <span class='ocrx_word' id='word_1_17' title='bbox 2321 799 2784 863; x_wconf 75' lang='lat' dir='ltr'>aestimentur</span> <span class='ocrx_word' id='word_1_18' title='bbox 2833 816 2959 864; x_wconf 89' lang='lat' dir='ltr'>nec</span> <span class='ocrx_word' id='word_1_19' title='bbox 3006 800 3368 864; x_wconf 89' lang='lat' dir='ltr'>recedendi</span> 
     </span>
     <span class='ocr_line' id='line_1_4' title="bbox 803 912 3368 998; baseline 0 -18"><span class='ocrx_word' id='word_1_20' title='bbox 803 932 939 996; x_wconf 91' lang='lat' dir='ltr'>quo</span> <span class='ocrx_word' id='word_1_21' title='bbox 1011 915 1240 987; x_wconf 80' lang='lat' dir='ltr'>velint</span> <span class='ocrx_word' id='word_1_22' title='bbox 1308 918 1435 980; x_wconf 90' lang='lat' dir='ltr'>aut</span> <span class='ocrx_word' id='word_1_23' title='bbox 1481 915 1934 998; x_wconf 75' lang='lat' dir='ltr'>permutandi</span> <span class='ocrx_word' id='word_1_24' title='bbox 1983 916 2135 981; x_wconf 86' lang='lat' dir='ltr'>loca</span> <span class='ocrx_word' id='word_1_25' title='bbox 2181 917 2488 982; x_wconf 84' lang='lat' dir='ltr'>habeant</span> <span class='ocrx_word' id='word_1_26' title='bbox 2534 916 2996 982; x_wconf 89' lang='lat' dir='ltr'>facultatem&#39;&#39;</span> <span class='ocrx_word' id='word_1_27' title='bbox 3025 912 3095 994; x_wconf 88' lang='lat'>¹).</span> <span class='ocrx_word' id='word_1_28' title='bbox 3146 916 3368 983; x_wconf 82' lang='lat' dir='ltr'>Semel</span> 
     </span>
     <span class='ocr_line' id='line_1_5' title="bbox 803 1034 3369 1119; baseline 0.001 -20"><span class='ocrx_word' id='word_1_29' title='bbox 803 1051 1048 1099; x_wconf 89' lang='lat' dir='ltr'>rursus</span> <span class='ocrx_word' id='word_1_30' title='bbox 1094 1034 1420 1115; x_wconf 90' lang='lat' dir='ltr'>ingenuis</span> <span class='ocrx_word' id='word_1_31' title='bbox 1468 1037 1951 1115; x_wconf 86' lang='lat' dir='ltr'>opponuntur:</span> <span class='ocrx_word' id='word_1_32' title='bbox 2007 1051 2137 1119; x_wconf 84' lang='lat' dir='ltr'>„ex</span> <span class='ocrx_word' id='word_1_33' title='bbox 2185 1035 2489 1115; x_wconf 87' lang='lat' dir='ltr'>ingenuo</span> <span class='ocrx_word' id='word_1_34' title='bbox 2538 1039 2611 1100; x_wconf 93' lang='lat' dir='ltr'>et</span> <span class='ocrx_word' id='word_1_35' title='bbox 2657 1035 2922 1101; x_wconf 89' lang='lat' dir='ltr'>colonis</span> <span class='ocrx_word' id='word_1_36' title='bbox 2962 1035 3369 1116; x_wconf 80' lang='lat' dir='ltr'>ancillisque</span> 
     </span>
     <span class='ocr_line' id='line_1_6' title="bbox 804 1150 1601 1230; baseline -0.001 -12"><span class='ocrx_word' id='word_1_37' title='bbox 804 1154 1068 1223; x_wconf 85' lang='lat' dir='ltr'>nostris</span> <span class='ocrx_word' id='word_1_38' title='bbox 1112 1157 1361 1219; x_wconf 89' lang='lat' dir='ltr'>natos.</span> <span class='ocrx_word' id='word_1_39' title='bbox 1393 1204 1407 1219; x_wconf 98' lang='lat'>.</span> <span class='ocrx_word' id='word_1_40' title='bbox 1438 1154 1499 1218; x_wconf 87' lang='lat'>.&#39;’</span> <span class='ocrx_word' id='word_1_41' title='bbox 1528 1150 1601 1230; x_wconf 85' lang='lat'>²).</span> 
     </span>
    </p>

    <p class='ocr_par' dir='ltr' id='par_1_3' title="bbox 803 1270 3372 2652">
     <span class='ocr_line' id='line_1_7' title="bbox 896 1270 3371 1351; baseline 0 -16"><span class='ocrx_word' id='word_1_42' title='bbox 896 1270 1078 1335; x_wconf 83' lang='lat' dir='ltr'>Huic</span> <span class='ocrx_word' id='word_1_43' title='bbox 1127 1270 1554 1337; x_wconf 88' lang='lat' dir='ltr'>condicionis</span> <span class='ocrx_word' id='word_1_44' title='bbox 1595 1270 1914 1351; x_wconf 81' lang='lat' dir='ltr'>jurisque</span> <span class='ocrx_word' id='word_1_45' title='bbox 1963 1270 2399 1336; x_wconf 87' lang='lat' dir='ltr'>differentiae</span> <span class='ocrx_word' id='word_1_46' title='bbox 2432 1271 2706 1351; x_wconf 89' lang='lat' dir='ltr'>quaein</span> <span class='ocrx_word' id='word_1_47' title='bbox 2732 1271 3145 1335; x_wconf 87' lang='lat' dir='ltr'>universum</span> <span class='ocrx_word' id='word_1_48' title='bbox 3169 1273 3371 1337; x_wconf 84' lang='lat' dir='ltr'>extat</span> 
     </span>
     <span class='ocr_line' id='line_1_8' title="bbox 805 1387 3369 1470; baseline -0 -16"><span class='ocrx_word' id='word_1_49' title='bbox 805 1388 1234 1469; x_wconf 88' lang='lat' dir='ltr'>respondent</span> <span class='ocrx_word' id='word_1_50' title='bbox 1302 1389 1373 1452; x_wconf 91' lang='lat' dir='ltr'>in</span> <span class='ocrx_word' id='word_1_51' title='bbox 1447 1389 1600 1453; x_wconf 89' lang='lat' dir='ltr'>vita</span> <span class='ocrx_word' id='word_1_52' title='bbox 1669 1387 1949 1468; x_wconf 85' lang='lat' dir='ltr'>singula</span> <span class='ocrx_word' id='word_1_53' title='bbox 2018 1388 2423 1453; x_wconf 89' lang='lat' dir='ltr'>discrimina</span> <span class='ocrx_word' id='word_1_54' title='bbox 2493 1390 2607 1453; x_wconf 86' lang='lat' dir='ltr'>sat</span> <span class='ocrx_word' id='word_1_55' title='bbox 2677 1388 2906 1453; x_wconf 89' lang='lat' dir='ltr'>multa</span> <span class='ocrx_word' id='word_1_56' title='bbox 2975 1391 3049 1454; x_wconf 90' lang='lat' dir='ltr'>et</span> <span class='ocrx_word' id='word_1_57' title='bbox 3096 1406 3369 1470; x_wconf 86' lang='lat' dir='ltr'>magna.</span> 
     </span>
     <span class='ocr_line' id='line_1_9' title="bbox 806 1505 3371 1589; baseline -0 -17"><span class='ocrx_word' id='word_1_58' title='bbox 806 1505 1092 1589; x_wconf 86' lang='lat' dir='ltr'>Semper</span> <span class='ocrx_word' id='word_1_59' title='bbox 1162 1506 1543 1587; x_wconf 89' lang='lat' dir='ltr'>separatim</span> <span class='ocrx_word' id='word_1_60' title='bbox 1611 1509 2112 1588; x_wconf 83' lang='lat' dir='ltr'>memorantur,</span> <span class='ocrx_word' id='word_1_61' title='bbox 2183 1506 2461 1587; x_wconf 87' lang='lat' dir='ltr'>saepius</span> <span class='ocrx_word' id='word_1_62' title='bbox 2534 1506 3067 1587; x_wconf 77' lang='lat' dir='ltr'>diligentissime</span> <span class='ocrx_word' id='word_1_63' title='bbox 3129 1507 3371 1572; x_wconf 88' lang='lat' dir='ltr'>distin·</span> 
     </span>
     <span class='ocr_line' id='line_1_10' title="bbox 807 1623 3372 1711; baseline 0 -22"><span class='ocrx_word' id='word_1_64' title='bbox 807 1627 1141 1705; x_wconf 87' lang='lat' dir='ltr'>guuntur.</span> <span class='ocrx_word' id='word_1_65' title='bbox 1214 1624 1366 1690; x_wconf 90' lang='lat' dir='ltr'>Non</span> <span class='ocrx_word' id='word_1_66' title='bbox 1438 1627 1677 1689; x_wconf 89' lang='lat' dir='ltr'>tamen</span> <span class='ocrx_word' id='word_1_67' title='bbox 1746 1623 1817 1688; x_wconf 93' lang='lat' dir='ltr'>id</span> <span class='ocrx_word' id='word_1_68' title='bbox 1891 1624 2342 1711; x_wconf 86' lang='lat' dir='ltr'>praecipuum</span> <span class='ocrx_word' id='word_1_69' title='bbox 2393 1624 2765 1690; x_wconf 85' lang='lat' dir='ltr'>discrimen</span> <span class='ocrx_word' id='word_1_70' title='bbox 2815 1624 3215 1690; x_wconf 87' lang='lat' dir='ltr'>habendum</span> <span class='ocrx_word' id='word_1_71' title='bbox 3264 1627 3372 1690; x_wconf 89' lang='lat' dir='ltr'>est</span> 
     </span>
     <span class='ocr_line' id='line_1_11' title="bbox 807 1716 3368 1824; baseline -0 -17"><span class='ocrx_word' id='word_1_72' title='bbox 807 1743 1007 1823; x_wconf 86' lang='lat' dir='ltr'>quasi</span> <span class='ocrx_word' id='word_1_73' title='bbox 1079 1743 1313 1806; x_wconf 89' lang='lat' dir='ltr'>minus</span> <span class='ocrx_word' id='word_1_74' title='bbox 1384 1759 1593 1821; x_wconf 90' lang='lat' dir='ltr'>quam</span> <span class='ocrx_word' id='word_1_75' title='bbox 1664 1742 1850 1806; x_wconf 87' lang='lat' dir='ltr'>servi</span> <span class='ocrx_word' id='word_1_76' title='bbox 1923 1742 1994 1806; x_wconf 92' lang='lat' dir='ltr'>in</span> <span class='ocrx_word' id='word_1_77' title='bbox 2059 1716 2415 1823; x_wconf 78' lang='lat' dir='ltr'>potestate</span> <span class='ocrx_word' id='word_1_78' title='bbox 2463 1742 2729 1806; x_wconf 87' lang='lat' dir='ltr'>fuerint</span> <span class='ocrx_word' id='word_1_79' title='bbox 2774 1741 3248 1824; x_wconf 88' lang='lat' dir='ltr'>dominorum;</span> <span class='ocrx_word' id='word_1_80' title='bbox 3301 1742 3368 1806; x_wconf 93' lang='lat' dir='ltr'>hi</span> 
     </span>
     <span class='ocr_line' id='line_1_12' title="bbox 807 1856 3370 1942; baseline -0 -16"><span class='ocrx_word' id='word_1_81' title='bbox 807 1877 1081 1942; x_wconf 89' lang='lat' dir='ltr'>quoque</span> <span class='ocrx_word' id='word_1_82' title='bbox 1151 1860 1422 1924; x_wconf 89' lang='lat' dir='ltr'>scilicet</span> <span class='ocrx_word' id='word_1_83' title='bbox 1494 1876 1711 1940; x_wconf 89' lang='lat' dir='ltr'>aeque</span> <span class='ocrx_word' id='word_1_84' title='bbox 1781 1876 1861 1924; x_wconf 87' lang='lat' dir='ltr'>ac</span> <span class='ocrx_word' id='word_1_85' title='bbox 1933 1859 2159 1924; x_wconf 90' lang='lat' dir='ltr'>coloni</span> <span class='ocrx_word' id='word_1_86' title='bbox 2229 1859 2392 1925; x_wconf 91' lang='lat' dir='ltr'>inde</span> <span class='ocrx_word' id='word_1_87' title='bbox 2461 1877 2504 1924; x_wconf 90' lang='lat' dir='ltr'>a</span> <span class='ocrx_word' id='word_1_88' title='bbox 2566 1856 2685 1925; x_wconf 91' lang='lat' dir='ltr'>IVi</span> <span class='ocrx_word' id='word_1_89' title='bbox 2731 1859 2996 1925; x_wconf 90' lang='lat' dir='ltr'>saeculi</span> <span class='ocrx_word' id='word_1_90' title='bbox 3040 1859 3176 1925; x_wconf 79' lang='lat' dir='ltr'>fine</span> <span class='ocrx_word' id='word_1_91' title='bbox 3223 1860 3370 1926; x_wconf 90' lang='lat' dir='ltr'>solo</span> 
     </span>
     <span class='ocr_line' id='line_1_13' title="bbox 805 1973 3370 2064; baseline -0 -21"><span class='ocrx_word' id='word_1_92' title='bbox 805 1982 1007 2044; x_wconf 88' lang='lat' dir='ltr'>erant</span> <span class='ocrx_word' id='word_1_93' title='bbox 1053 1978 1378 2043; x_wconf 87' lang='lat' dir='ltr'>adstricti</span> <span class='ocrx_word' id='word_1_94' title='bbox 1424 1994 1648 2059; x_wconf 91' lang='lat' dir='ltr'>neque</span> <span class='ocrx_word' id='word_1_95' title='bbox 1694 1994 1783 2042; x_wconf 83' lang='lat' dir='ltr'>ex</span> <span class='ocrx_word' id='word_1_96' title='bbox 1830 1978 2270 2043; x_wconf 89' lang='lat' dir='ltr'>dominorum</span> <span class='ocrx_word' id='word_1_97' title='bbox 2309 1978 2599 2043; x_wconf 89' lang='lat' dir='ltr'>arbitrio</span> <span class='ocrx_word' id='word_1_98' title='bbox 2625 1980 2954 2064; x_wconf 73' lang='lat' dir='ltr'>poterant</span> <span class='ocrx_word' id='word_1_99' title='bbox 2977 1978 3296 2042; x_wconf 86' lang='lat' dir='ltr'>alienari.</span> <span class='ocrx_word' id='word_1_100' title='bbox 3323 1973 3370 2054; x_wconf 82' lang='grc'>3)</span> 
     </span>
     <span class='ocr_line' id='line_1_14' title="bbox 805 2095 3369 2178; baseline -0.001 -17"><span class='ocrx_word' id='word_1_101' title='bbox 805 2095 939 2161; x_wconf 86' lang='lat' dir='ltr'>Sed</span> <span class='ocrx_word' id='word_1_102' title='bbox 1013 2096 1313 2178; x_wconf 90' lang='lat' dir='ltr'>primum</span> <span class='ocrx_word' id='word_1_103' title='bbox 1379 2096 1509 2160; x_wconf 92' lang='lat' dir='ltr'>hoc</span> <span class='ocrx_word' id='word_1_104' title='bbox 1557 2100 1668 2161; x_wconf 88' lang='lat' dir='ltr'>est</span> <span class='ocrx_word' id='word_1_105' title='bbox 1714 2096 2456 2161; x_wconf 86' lang='lat' dir='ltr'>animadvertendum:</span> <span class='ocrx_word' id='word_1_106' title='bbox 2507 2096 2794 2160; x_wconf 89' lang='lat' dir='ltr'>colonus</span> <span class='ocrx_word' id='word_1_107' title='bbox 2842 2096 3369 2161; x_wconf 86' lang='lat' dir='ltr'>matrimonium</span> 
     </span>
     <span class='ocr_line' id='line_1_15' title="bbox 803 2213 3370 2295; baseline 0 -17"><span class='ocrx_word' id='word_1_108' title='bbox 803 2214 1196 2295; x_wconf 85' lang='lat' dir='ltr'>legitimum</span> <span class='ocrx_word' id='word_1_109' title='bbox 1244 2214 1655 2278; x_wconf 89' lang='lat' dir='ltr'>contrahere</span> <span class='ocrx_word' id='word_1_110' title='bbox 1702 2214 2004 2295; x_wconf 82' lang='lat' dir='ltr'>poterat,</span> <span class='ocrx_word' id='word_1_111' title='bbox 2056 2213 2260 2294; x_wconf 82' lang='lat' dir='ltr'>quod,</span> <span class='ocrx_word' id='word_1_112' title='bbox 2295 2216 2375 2278; x_wconf 90' lang='lat' dir='ltr'>ut</span> <span class='ocrx_word' id='word_1_113' title='bbox 2400 2217 2511 2278; x_wconf 89' lang='lat' dir='ltr'>est</span> <span class='ocrx_word' id='word_1_114' title='bbox 2535 2216 2804 2291; x_wconf 78' lang='lat' dir='ltr'>notum,</span> <span class='ocrx_word' id='word_1_115' title='bbox 2832 2214 3057 2278; x_wconf 88' lang='lat' dir='ltr'>servis</span> <span class='ocrx_word' id='word_1_116' title='bbox 3082 2214 3370 2278; x_wconf 87' lang='lat' dir='ltr'>minime</span> 
     </span>
     <span class='ocr_line' id='line_1_16' title="bbox 804 2326 3368 2416; baseline -0 -19"><span class='ocrx_word' id='word_1_117' title='bbox 804 2335 958 2397; x_wconf 87' lang='lat' dir='ltr'>erat</span> <span class='ocrx_word' id='word_1_118' title='bbox 1028 2349 1456 2397; x_wconf 88' lang='lat' dir='ltr'>concessum.</span> <span class='ocrx_word' id='word_1_119' title='bbox 1527 2332 2005 2396; x_wconf 86' lang='lat' dir='ltr'>Memorantur</span> <span class='ocrx_word' id='word_1_120' title='bbox 2075 2348 2315 2396; x_wconf 87' lang='lat' dir='ltr'>eorum</span> <span class='ocrx_word' id='word_1_121' title='bbox 2375 2332 2746 2415; x_wconf 86' lang='lat' dir='ltr'>„nuptiae”</span> <span class='ocrx_word' id='word_1_122' title='bbox 2775 2326 2847 2414; x_wconf 77' lang='lat'>⁴),</span> <span class='ocrx_word' id='word_1_123' title='bbox 2901 2332 3368 2416; x_wconf 86' lang='lat' dir='ltr'>„matrimoni-</span> 
     </span>
     <span class='ocr_line' id='line_1_17' title="bbox 805 2444 3370 2534; baseline 0 -19"><span class='ocrx_word' id='word_1_124' title='bbox 805 2447 1081 2531; x_wconf 87' lang='lat' dir='ltr'>um’&#39;⁵);</span> <span class='ocrx_word' id='word_1_125' title='bbox 1160 2444 1760 2534; x_wconf 78' lang='lat' dir='ltr'>„conjugium”⁶);</span> <span class='ocrx_word' id='word_1_126' title='bbox 1823 2449 2037 2531; x_wconf 83' lang='lat' dir='ltr'>juxta</span> <span class='ocrx_word' id='word_1_127' title='bbox 2094 2466 2174 2514; x_wconf 90' lang='lat' dir='ltr'>ea</span> <span class='ocrx_word' id='word_1_128' title='bbox 2222 2449 2435 2515; x_wconf 90' lang='lat' dir='ltr'>semel</span> <span class='ocrx_word' id='word_1_129' title='bbox 2482 2450 2759 2530; x_wconf 90' lang='lat' dir='ltr'>quidem</span> <span class='ocrx_word' id='word_1_130' title='bbox 2815 2448 3370 2534; x_wconf 86' lang='lat' dir='ltr'>„copulationis”</span> 
     </span>
     <span class='ocr_line' id='line_1_18' title="bbox 804 2564 3366 2652; baseline 0 -20"><span class='ocrx_word' id='word_1_131' title='bbox 804 2567 1068 2633; x_wconf 90' lang='lat' dir='ltr'>mentio</span> <span class='ocrx_word' id='word_1_132' title='bbox 1118 2566 1198 2632; x_wconf 88' lang='lat' dir='ltr'>fit</span> <span class='ocrx_word' id='word_1_133' title='bbox 1226 2564 1296 2649; x_wconf 79' lang='lat'>⁷),</span> <span class='ocrx_word' id='word_1_134' title='bbox 1348 2568 1448 2631; x_wconf 89' lang='lat' dir='ltr'>ita</span> <span class='ocrx_word' id='word_1_135' title='bbox 1494 2570 1579 2632; x_wconf 91' lang='lat' dir='ltr'>ut</span> <span class='ocrx_word' id='word_1_136' title='bbox 1612 2567 1828 2648; x_wconf 75' lang='lat' dir='ltr'>Juxta</span> <span class='ocrx_word' id='word_1_137' title='bbox 1878 2584 1994 2651; x_wconf 87' lang='lat' dir='ltr'>„se</span> <span class='ocrx_word' id='word_1_138' title='bbox 2043 2566 2507 2647; x_wconf 88' lang='lat' dir='ltr'>conjungere&#39;’</span> <span class='ocrx_word' id='word_1_139' title='bbox 2537 2564 2588 2644; x_wconf 81' lang='lat'>⁸)</span> <span class='ocrx_word' id='word_1_140' title='bbox 2635 2567 2849 2632; x_wconf 91' lang='lat' dir='ltr'>semel</span> <span class='ocrx_word' id='word_1_141' title='bbox 2902 2584 3018 2652; x_wconf 89' lang='lat' dir='ltr'>„se</span> <span class='ocrx_word' id='word_1_142' title='bbox 3052 2568 3366 2633; x_wconf 84' lang='lat' dir='ltr'>commis-</span> 
     </span>
    </p>
   </div>
   <div class='ocr_carea' id='block_1_3' title="bbox 812 2738 1200 2747">
    <p class='ocr_par' dir='ltr' id='par_1_4' title="bbox 812 2738 1200 2747">
     <span class='ocr_line' id='line_1_19' title="bbox 812 2738 1200 2747; baseline 0 2991"><span class='ocrx_word' id='word_1_143' title='bbox 812 2738 1200 2747; x_wconf 95' lang='lat' dir='ltr'> </span> 
     </span>
    </p>
   </div>
   <div class='ocr_carea' id='block_1_4' title="bbox 799 2829 3367 3250">
    <p class='ocr_par' dir='ltr' id='par_1_5' title="bbox 799 2829 3367 3250">
     <span class='ocr_line' id='line_1_20' title="bbox 871 2829 3365 2900; baseline 0 -14"><span class='ocrx_word' id='word_1_144' title='bbox 871 2831 911 2897; x_wconf 89' lang='lat'>¹)</span> <span class='ocrx_word' id='word_1_145' title='bbox 950 2831 1012 2887; x_wconf 89' lang='lat' dir='ltr'>L.</span> <span class='ocrx_word' id='word_1_146' title='bbox 1052 2831 1097 2887; x_wconf 92' lang='lat' dir='ltr'>l.</span> <span class='ocrx_word' id='word_1_147' title='bbox 1135 2832 1167 2899; x_wconf 63' lang='grc' dir='ltr'>ξ</span> <span class='ocrx_word' id='word_1_148' title='bbox 1206 2833 1255 2887; x_wconf 94' lang='grc'>1.</span> <span class='ocrx_word' id='word_1_149' title='bbox 1292 2829 1353 2886; x_wconf 84' lang='grc' dir='ltr'><strong>Ο.</strong></span> <span class='ocrx_word' id='word_1_150' title='bbox 1388 2830 1441 2887; x_wconf 89' lang='lat' dir='ltr'>J.</span> <span class='ocrx_word' id='word_1_151' title='bbox 1481 2830 1587 2887; x_wconf 91' lang='lat' dir='ltr'>XI.</span> <span class='ocrx_word' id='word_1_152' title='bbox 1624 2832 1711 2888; x_wconf 89' lang='grc'>52.</span> <span class='ocrx_word' id='word_1_153' title='bbox 1750 2830 1923 2887; x_wconf 82' lang='lat' dir='ltr'>cette</span> <span class='ocrx_word' id='word_1_154' title='bbox 1959 2831 2175 2900; x_wconf 84' lang='lat' dir='ltr'>phrase</span> <span class='ocrx_word' id='word_1_155' title='bbox 2212 2846 2248 2887; x_wconf 89' lang='lat' dir='ltr'>a</span> <span class='ocrx_word' id='word_1_156' title='bbox 2284 2832 2381 2887; x_wconf 77' lang='lat' dir='ltr'>ete</span> <span class='ocrx_word' id='word_1_157' title='bbox 2420 2830 2542 2887; x_wconf 86' lang='lat' dir='ltr'>mal</span> <span class='ocrx_word' id='word_1_158' title='bbox 2577 2830 2882 2900; x_wconf 73' lang='lat' dir='ltr'>compriae.</span> <span class='ocrx_word' id='word_1_159' title='bbox 2926 2830 3016 2887; x_wconf 91' lang='lat' dir='ltr'>On</span> <span class='ocrx_word' id='word_1_160' title='bbox 3054 2845 3090 2887; x_wconf 87' lang='lat' dir='ltr'>a</span> <span class='ocrx_word' id='word_1_161' title='bbox 3128 2831 3365 2887; x_wconf 84' lang='lat' dir='ltr'>traduit</span> 
     </span>
     <span class='ocr_line' id='line_1_21' title="bbox 805 2917 3365 2989; baseline 0 -15"><span class='ocrx_word' id='word_1_162' title='bbox 805 2919 1192 2989; x_wconf 62' lang='lat' dir='ltr'>„videantur”</span> <span class='ocrx_word' id='word_1_163' title='bbox 1227 2933 1332 2987; x_wconf 83' lang='lat' dir='ltr'>par</span> <span class='ocrx_word' id='word_1_164' title='bbox 1372 2918 1479 2980; x_wconf 75' lang='lat' dir='ltr'>„ils</span> <span class='ocrx_word' id='word_1_165' title='bbox 1516 2918 1868 2974; x_wconf 87' lang='lat' dir='ltr'>semblent.&#39;&#39;</span> <span class='ocrx_word' id='word_1_166' title='bbox 1908 2918 2175 2988; x_wconf 84' lang='lat' dir='ltr'>(Spectat</span> <span class='ocrx_word' id='word_1_167' title='bbox 2213 2919 2468 2974; x_wconf 85' lang='lat' dir='ltr'>fortasse</span> <span class='ocrx_word' id='word_1_168' title='bbox 2504 2919 2578 2973; x_wconf 89' lang='lat' dir='ltr'>ad</span> <span class='ocrx_word' id='word_1_169' title='bbox 2622 2917 2918 2973; x_wconf 72' lang='lat' dir='ltr'><strong>WALLON.</strong></span> <span class='ocrx_word' id='word_1_170' title='bbox 2952 2917 3111 2973; x_wconf 90' lang='lat' dir='ltr'>Hist.</span> <span class='ocrx_word' id='word_1_171' title='bbox 3145 2919 3216 2974; x_wconf 86' lang='lat' dir='ltr'>de</span> <span class='ocrx_word' id='word_1_172' title='bbox 3238 2920 3365 2975; x_wconf 87' lang='lat' dir='ltr'>l’es·</span> 
     </span>
     <span class='ocr_line' id='line_1_22' title="bbox 800 3005 3365 3076; baseline 0 -14"><span class='ocrx_word' id='word_1_173' title='bbox 800 3007 1042 3074; x_wconf 85' lang='lat' dir='ltr'>clavage</span> <span class='ocrx_word' id='word_1_174' title='bbox 1102 3005 1210 3061; x_wconf 91' lang='lat' dir='ltr'>III.</span> <span class='ocrx_word' id='word_1_175' title='bbox 1265 3022 1319 3075; x_wconf 93' lang='lat' dir='ltr'>p.</span> <span class='ocrx_word' id='word_1_176' title='bbox 1376 3006 1494 3072; x_wconf 86' lang='grc'>259,</span> <span class='ocrx_word' id='word_1_177' title='bbox 1533 3007 1636 3074; x_wconf 91' lang='lat' dir='ltr'>qui</span> <span class='ocrx_word' id='word_1_178' title='bbox 1674 3007 1890 3061; x_wconf 82' lang='lat' dir='ltr'>vertit:</span> <span class='ocrx_word' id='word_1_179' title='bbox 1929 3005 2108 3074; x_wconf 87' lang='lat' dir='ltr'>qu&#39;ils</span> <span class='ocrx_word' id='word_1_180' title='bbox 2143 3008 2412 3076; x_wconf 84' lang='lat' dir='ltr'>peuvent</span> <span class='ocrx_word' id='word_1_181' title='bbox 2448 3005 2707 3062; x_wconf 89' lang='lat' dir='ltr'>sembler</span> <span class='ocrx_word' id='word_1_182' title='bbox 2742 3006 3042 3074; x_wconf 76' lang='lat' dir='ltr'>ingenue.)</span> <span class='ocrx_word' id='word_1_183' title='bbox 3080 3005 3240 3061; x_wconf 87' lang='lat' dir='ltr'>C’est</span> <span class='ocrx_word' id='word_1_184' title='bbox 3279 3022 3365 3062; x_wconf 91' lang='lat' dir='ltr'>un</span> 
     </span>
     <span class='ocr_line' id='line_1_23' title="bbox 800 3093 3367 3162; baseline 0 -13"><span class='ocrx_word' id='word_1_185' title='bbox 800 3095 1166 3149; x_wconf 81' lang='lat' dir='ltr'>contresenS.</span> <span class='ocrx_word' id='word_1_186' title='bbox 1223 3093 1385 3148; x_wconf 84' lang='lat' dir='ltr'>Dans</span> <span class='ocrx_word' id='word_1_187' title='bbox 1438 3093 1497 3148; x_wconf 85' lang='lat' dir='ltr'>la</span> <span class='ocrx_word' id='word_1_188' title='bbox 1550 3094 1768 3162; x_wconf 83' lang='lat' dir='ltr'>langue</span> <span class='ocrx_word' id='word_1_189' title='bbox 1823 3093 1905 3148; x_wconf 94' lang='lat' dir='ltr'>du</span> <span class='ocrx_word' id='word_1_190' title='bbox 1958 3093 2294 3162; x_wconf 78' lang='lat' dir='ltr'>quatrieme</span> <span class='ocrx_word' id='word_1_191' title='bbox 2355 3093 2534 3148; x_wconf 75' lang='lat' dir='ltr'>siecle</span> <span class='ocrx_word' id='word_1_192' title='bbox 2581 3094 2637 3149; x_wconf 90' lang='lat' dir='ltr'>le</span> <span class='ocrx_word' id='word_1_193' title='bbox 2675 3094 2851 3148; x_wconf 84' lang='lat' dir='ltr'>verbe</span> <span class='ocrx_word' id='word_1_194' title='bbox 2882 3093 3087 3148; x_wconf 82' lang='lat' dir='ltr'>videor</span> <span class='ocrx_word' id='word_1_195' title='bbox 3122 3094 3367 3162; x_wconf 84' lang='lat' dir='ltr'>signifle</span> 
     </span>
     <span class='ocr_line' id='line_1_24' title="bbox 799 3180 3365 3250; baseline 0.001 -16"><span class='ocrx_word' id='word_1_196' title='bbox 799 3183 928 3236; x_wconf 75' lang='lat' dir='ltr'>etre</span> <span class='ocrx_word' id='word_1_197' title='bbox 981 3195 1079 3245; x_wconf 84' lang='lat' dir='ltr'>vu,</span> <span class='ocrx_word' id='word_1_198' title='bbox 1136 3181 1199 3234; x_wconf 89' lang='lat' dir='ltr'>et</span> <span class='ocrx_word' id='word_1_199' title='bbox 1252 3194 1316 3234; x_wconf 85' lang='lat' dir='ltr'>se</span> <span class='ocrx_word' id='word_1_200' title='bbox 1353 3180 1462 3249; x_wconf 84' lang='lat' dir='ltr'>dit,</span> <span class='ocrx_word' id='word_1_201' title='bbox 1499 3194 1620 3235; x_wconf 89' lang='lat' dir='ltr'>non</span> <span class='ocrx_word' id='word_1_202' title='bbox 1657 3180 1762 3236; x_wconf 89' lang='lat' dir='ltr'>des</span> <span class='ocrx_word' id='word_1_203' title='bbox 1799 3180 2012 3235; x_wconf 86' lang='lat' dir='ltr'>choses</span> <span class='ocrx_word' id='word_1_204' title='bbox 2046 3182 2421 3250; x_wconf 74' lang='lat' dir='ltr'>apparentes,</span> <span class='ocrx_word' id='word_1_205' title='bbox 2456 3181 2612 3236; x_wconf 84' lang='lat' dir='ltr'>mais</span> <span class='ocrx_word' id='word_1_206' title='bbox 2648 3181 2754 3235; x_wconf 87' lang='lat' dir='ltr'>des</span> <span class='ocrx_word' id='word_1_207' title='bbox 2789 3180 3001 3235; x_wconf 87' lang='lat' dir='ltr'>choses</span> <span class='ocrx_word' id='word_1_208' title='bbox 3037 3180 3365 3248; x_wconf 57' lang='lat' dir='ltr'>certamem</span> 
     </span>
    </p>
   </div>
   <div class='ocr_carea' id='block_1_5' title="bbox 793 3274 3368 4913">
    <p class='ocr_par' dir='ltr' id='par_1_6' title="bbox 793 3274 3368 4128">
     <span class='ocr_line' id='line_1_25' title="bbox 799 3274 3365 3346; baseline 0 -16"><span class='ocrx_word' id='word_1_209' title='bbox 799 3275 841 3330; x_wconf 91' lang='lat' dir='ltr'>il</span> <span class='ocrx_word' id='word_1_210' title='bbox 880 3290 915 3330; x_wconf 89' lang='lat' dir='ltr'>a</span> <span class='ocrx_word' id='word_1_211' title='bbox 950 3275 1004 3331; x_wconf 90' lang='grc'>13</span> <span class='ocrx_word' id='word_1_212' title='bbox 1042 3278 1238 3330; x_wconf 84' lang='grc'><strong>11131113</strong></span> <span class='ocrx_word' id='word_1_213' title='bbox 1275 3289 1418 3330; x_wconf 85' lang='grc'><strong>33113</strong></span> <span class='ocrx_word' id='word_1_214' title='bbox 1455 3289 1571 3344; x_wconf 87' lang='lat' dir='ltr'>que</span> <span class='ocrx_word' id='word_1_215' title='bbox 1608 3274 1662 3330; x_wconf 90' lang='lat' dir='ltr'>le</span> <span class='ocrx_word' id='word_1_216' title='bbox 1706 3289 1842 3343; x_wconf 85' lang='lat' dir='ltr'>grec</span> <span class='ocrx_word' id='word_1_217' title='bbox 1877 3274 2163 3346; x_wconf 72' lang='grc' dir='ltr'><strong>φαίνεσθαι.</strong></span> <span class='ocrx_word' id='word_1_218' title='bbox 2223 3275 2396 3331; x_wconf 83' lang='lat' dir='ltr'>Cette</span> <span class='ocrx_word' id='word_1_219' title='bbox 2452 3276 2662 3344; x_wconf 77' lang='lat' dir='ltr'>verite,</span> <span class='ocrx_word' id='word_1_220' title='bbox 2717 3275 2818 3344; x_wconf 90' lang='lat' dir='ltr'>qui</span> <span class='ocrx_word' id='word_1_221' title='bbox 2859 3290 2935 3330; x_wconf 90' lang='lat' dir='ltr'>ne</span> <span class='ocrx_word' id='word_1_222' title='bbox 2970 3277 3119 3343; x_wconf 85' lang='lat' dir='ltr'>peut</span> <span class='ocrx_word' id='word_1_223' title='bbox 3154 3275 3365 3345; x_wconf 71' lang='grc'><strong>301130-</strong></span> 
     </span>
     <span class='ocr_line' id='line_1_26' title="bbox 798 3361 3368 3433; baseline -0 -16"><span class='ocrx_word' id='word_1_224' title='bbox 798 3377 903 3431; x_wconf 88' lang='lat' dir='ltr'>per</span> <span class='ocrx_word' id='word_1_225' title='bbox 956 3361 992 3417; x_wconf 80' lang='grc'>3</span> <span class='ocrx_word' id='word_1_226' title='bbox 1044 3362 1382 3431; x_wconf 89' lang='lat' dir='ltr'>quiconque</span> <span class='ocrx_word' id='word_1_227' title='bbox 1419 3377 1455 3416; x_wconf 88' lang='lat' dir='ltr'>a</span> <span class='ocrx_word' id='word_1_228' title='bbox 1489 3362 1553 3417; x_wconf 90' lang='lat' dir='ltr'>lu</span> <span class='ocrx_word' id='word_1_229' title='bbox 1590 3362 1679 3417; x_wconf 90' lang='lat' dir='ltr'>les</span> <span class='ocrx_word' id='word_1_230' title='bbox 1716 3364 1923 3418; x_wconf 80' lang='lat' dir='ltr'>textes</span> <span class='ocrx_word' id='word_1_231' title='bbox 1960 3364 2032 3419; x_wconf 91' lang='lat' dir='ltr'>de</span> <span class='ocrx_word' id='word_1_232' title='bbox 2071 3364 2355 3433; x_wconf 76' lang='lat' dir='ltr'>l’epoque,</span> <span class='ocrx_word' id='word_1_233' title='bbox 2392 3378 2429 3417; x_wconf 89' lang='grc'><strong>3</strong></span> <span class='ocrx_word' id='word_1_234' title='bbox 2469 3365 2566 3417; x_wconf 80' lang='lat' dir='ltr'>ete</span> <span class='ocrx_word' id='word_1_235' title='bbox 2605 3362 2954 3418; x_wconf 81' lang='lat' dir='ltr'>demontree</span> <span class='ocrx_word' id='word_1_236' title='bbox 2990 3364 3368 3418; x_wconf 78' lang='lat' dir='ltr'>receniment</span> 
     </span>
     <span class='ocr_line' id='line_1_27' title="bbox 796 3449 3366 3520; baseline 0 -15"><span class='ocrx_word' id='word_1_237' title='bbox 796 3464 947 3519; x_wconf 89' lang='lat' dir='ltr'>pour</span> <span class='ocrx_word' id='word_1_238' title='bbox 984 3464 1067 3504; x_wconf 92' lang='lat' dir='ltr'>un</span> <span class='ocrx_word' id='word_1_239' title='bbox 1105 3449 1369 3505; x_wconf 80' lang='lat' dir='ltr'>ecrivain</span> <span class='ocrx_word' id='word_1_240' title='bbox 1407 3450 1487 3504; x_wconf 92' lang='lat' dir='ltr'>du</span> <span class='ocrx_word' id='word_1_241' title='bbox 1525 3450 1861 3517; x_wconf 80' lang='lat' dir='ltr'>quatrieme</span> <span class='ocrx_word' id='word_1_242' title='bbox 1900 3450 2077 3507; x_wconf 79' lang='lat' dir='ltr'>siecle</span> <span class='ocrx_word' id='word_1_243' title='bbox 2115 3466 2221 3520; x_wconf 86' lang='lat' dir='ltr'>par</span> <span class='ocrx_word' id='word_1_244' title='bbox 2256 3452 2330 3505; x_wconf 76' lang='lat' dir='ltr'>M.</span> <span class='ocrx_word' id='word_1_245' title='bbox 2367 3450 2650 3506; x_wconf 69' lang='lat' dir='ltr'>Gonnzmz</span> <span class='ocrx_word' id='word_1_246' title='bbox 2686 3450 2838 3505; x_wconf 85' lang='lat' dir='ltr'>daus</span> <span class='ocrx_word' id='word_1_247' title='bbox 2870 3464 2939 3504; x_wconf 84' lang='lat' dir='ltr'>sa</span> <span class='ocrx_word' id='word_1_248' title='bbox 2959 3449 3135 3505; x_wconf 77' lang='lat' dir='ltr'>these</span> <span class='ocrx_word' id='word_1_249' title='bbox 3157 3449 3366 3506; x_wconf 87' lang='lat' dir='ltr'>Obser-</span> 
     </span>
     <span class='ocr_line' id='line_1_28' title="bbox 796 3536 3368 3607; baseline 0.001 -16"><span class='ocrx_word' id='word_1_250' title='bbox 796 3538 1072 3593; x_wconf 86' lang='lat' dir='ltr'>vationes</span> <span class='ocrx_word' id='word_1_251' title='bbox 1121 3538 1543 3605; x_wconf 84' lang='lat' dir='ltr'>grammaticae</span> <span class='ocrx_word' id='word_1_252' title='bbox 1597 3538 1661 3592; x_wconf 92' lang='lat' dir='ltr'>in</span> <span class='ocrx_word' id='word_1_253' title='bbox 1712 3538 2044 3607; x_wconf 86' lang='lat' dir='ltr'>Sulpicium</span> <span class='ocrx_word' id='word_1_254' title='bbox 2081 3538 2388 3593; x_wconf 84' lang='lat' dir='ltr'>Severum.</span> <span class='ocrx_word' id='word_1_255' title='bbox 2424 3537 2478 3592; x_wconf 90' lang='lat' dir='ltr'>Il</span> <span class='ocrx_word' id='word_1_256' title='bbox 2513 3552 2549 3591; x_wconf 97' lang='grc'>3</span> <span class='ocrx_word' id='word_1_257' title='bbox 2581 3536 2691 3591; x_wconf 87' lang='lat' dir='ltr'>fait</span> <span class='ocrx_word' id='word_1_258' title='bbox 2732 3537 2789 3592; x_wconf 90' lang='grc'>13</span> <span class='ocrx_word' id='word_1_259' title='bbox 2823 3538 3018 3592; x_wconf 83' lang='grc'><strong>11131113</strong></span> <span class='ocrx_word' id='word_1_260' title='bbox 3049 3550 3368 3606; x_wconf 87' lang='lat' dir='ltr'>remarque</span> 
     </span>
     <span class='ocr_line' id='line_1_29' title="bbox 797 3623 3366 3695; baseline 0.001 -16"><span class='ocrx_word' id='word_1_261' title='bbox 797 3625 949 3680; x_wconf 84' lang='lat' dir='ltr'>dans</span> <span class='ocrx_word' id='word_1_262' title='bbox 986 3639 1054 3680; x_wconf 88' lang='lat' dir='ltr'>sa</span> <span class='ocrx_word' id='word_1_263' title='bbox 1090 3624 1355 3680; x_wconf 83' lang='lat' dir='ltr'>Latinite</span> <span class='ocrx_word' id='word_1_264' title='bbox 1393 3625 1465 3679; x_wconf 89' lang='lat' dir='ltr'>de</span> <span class='ocrx_word' id='word_1_265' title='bbox 1501 3625 1664 3679; x_wconf 87' lang='lat' dir='ltr'>saint</span> <span class='ocrx_word' id='word_1_266' title='bbox 1699 3624 1954 3695; x_wconf 76' lang='lat' dir='ltr'>Jerome,</span> <span class='ocrx_word' id='word_1_267' title='bbox 1991 3641 2046 3694; x_wconf 90' lang='lat' dir='ltr'>p.</span> <span class='ocrx_word' id='word_1_268' title='bbox 2081 3626 2439 3681; x_wconf 87' lang='grc'><strong>423-423.-</strong></span> <span class='ocrx_word' id='word_1_269' title='bbox 2481 3624 2562 3679; x_wconf 88' lang='lat' dir='ltr'>La</span> <span class='ocrx_word' id='word_1_270' title='bbox 2580 3624 2795 3692; x_wconf 86' lang='lat' dir='ltr'>phrase</span> <span class='ocrx_word' id='word_1_271' title='bbox 2816 3624 2888 3679; x_wconf 88' lang='lat' dir='ltr'>de</span> <span class='ocrx_word' id='word_1_272' title='bbox 2910 3623 2967 3678; x_wconf 96' lang='lat' dir='ltr'>la</span> <span class='ocrx_word' id='word_1_273' title='bbox 2984 3624 3059 3679; x_wconf 91' lang='lat' dir='ltr'>loi</span> <span class='ocrx_word' id='word_1_274' title='bbox 3085 3624 3158 3679; x_wconf 86' lang='lat' dir='ltr'>de</span> <span class='ocrx_word' id='word_1_275' title='bbox 3178 3623 3366 3681; x_wconf 78' lang='lat' dir='ltr'>Theo·</span> 
     </span>
     <span class='ocr_line' id='line_1_30' title="bbox 796 3710 3367 3782; baseline 0 -16"><span class='ocrx_word' id='word_1_276' title='bbox 796 3711 936 3766; x_wconf 89' lang='lat' dir='ltr'>dose</span> <span class='ocrx_word' id='word_1_277' title='bbox 992 3711 1117 3767; x_wconf 89' lang='lat' dir='ltr'>doit</span> <span class='ocrx_word' id='word_1_278' title='bbox 1171 3711 1324 3766; x_wconf 91' lang='lat' dir='ltr'>donc</span> <span class='ocrx_word' id='word_1_279' title='bbox 1377 3725 1442 3766; x_wconf 90' lang='grc'>33</span> <span class='ocrx_word' id='word_1_280' title='bbox 1499 3712 1766 3767; x_wconf 87' lang='lat' dir='ltr'>traduire</span> <span class='ocrx_word' id='word_1_281' title='bbox 1813 3713 1966 3768; x_wconf 87' lang='lat' dir='ltr'>ainsi</span> <span class='ocrx_word' id='word_1_282' title='bbox 2002 3712 2465 3767; x_wconf 64' lang='lat' dir='ltr'>litteraloenent:</span> <span class='ocrx_word' id='word_1_283' title='bbox 2507 3710 2650 3782; x_wconf 79' lang='lat' dir='ltr'>„Ces</span> <span class='ocrx_word' id='word_1_284' title='bbox 2684 3711 2904 3779; x_wconf 76' lang='lat' dir='ltr'>colone,</span> <span class='ocrx_word' id='word_1_285' title='bbox 2941 3711 3215 3779; x_wconf 88' lang='lat' dir='ltr'>quoique,</span> <span class='ocrx_word' id='word_1_286' title='bbox 3256 3726 3367 3781; x_wconf 87' lang='lat' dir='ltr'>par</span> 
     </span>
     <span class='ocr_line' id='line_1_31' title="bbox 793 3795 3367 3868; baseline -0 -15"><span class='ocrx_word' id='word_1_287' title='bbox 793 3798 926 3853; x_wconf 88' lang='lat' dir='ltr'>leur</span> <span class='ocrx_word' id='word_1_288' title='bbox 981 3798 1303 3867; x_wconf 89' lang='lat' dir='ltr'>condition,</span> <span class='ocrx_word' id='word_1_289' title='bbox 1357 3813 1433 3853; x_wconf 88' lang='lat' dir='ltr'>on</span> <span class='ocrx_word' id='word_1_290' title='bbox 1490 3795 1617 3853; x_wconf 84' lang='lat' dir='ltr'>vost</span> <span class='ocrx_word' id='word_1_291' title='bbox 1681 3799 1818 3855; x_wconf 89' lang='lat' dir='ltr'>bien</span> <span class='ocrx_word' id='word_1_292' title='bbox 1867 3799 2043 3868; x_wconf 86' lang='lat' dir='ltr'>qu’ils</span> <span class='ocrx_word' id='word_1_293' title='bbox 2099 3800 2240 3855; x_wconf 87' lang='lat' dir='ltr'>sont</span> <span class='ocrx_word' id='word_1_294' title='bbox 2293 3799 2571 3866; x_wconf 78' lang='lat' dir='ltr'>ingenus,</span> <span class='ocrx_word' id='word_1_295' title='bbox 2621 3798 2868 3853; x_wconf 85' lang='lat' dir='ltr'>doivent</span> <span class='ocrx_word' id='word_1_296' title='bbox 2902 3799 3031 3853; x_wconf 74' lang='lat' dir='ltr'>etro</span> <span class='ocrx_word' id='word_1_297' title='bbox 3068 3800 3367 3866; x_wconf 85' lang='lat' dir='ltr'>pourtant</span> 
     </span>
     <span class='ocr_line' id='line_1_32' title="bbox 795 3884 3362 3955; baseline 0 -14"><span class='ocrx_word' id='word_1_298' title='bbox 795 3886 1073 3954; x_wconf 81' lang='lat' dir='ltr'>regardes</span> <span class='ocrx_word' id='word_1_299' title='bbox 1108 3899 1339 3940; x_wconf 86' lang='lat' dir='ltr'>comme</span> <span class='ocrx_word' id='word_1_300' title='bbox 1377 3886 1482 3940; x_wconf 86' lang='lat' dir='ltr'>des</span> <span class='ocrx_word' id='word_1_301' title='bbox 1518 3886 1784 3942; x_wconf 77' lang='lat' dir='ltr'>esclaves</span> <span class='ocrx_word' id='word_1_302' title='bbox 1821 3887 1894 3942; x_wconf 86' lang='lat' dir='ltr'>de</span> <span class='ocrx_word' id='word_1_303' title='bbox 1929 3887 1987 3942; x_wconf 91' lang='grc'>13</span> <span class='ocrx_word' id='word_1_304' title='bbox 2023 3888 2183 3941; x_wconf 88' lang='lat' dir='ltr'>terre</span> <span class='ocrx_word' id='word_1_305' title='bbox 2219 3900 2370 3955; x_wconf 87' lang='lat' dir='ltr'>pour</span> <span class='ocrx_word' id='word_1_306' title='bbox 2404 3885 2660 3953; x_wconf 88' lang='lat' dir='ltr'>laquelle</span> <span class='ocrx_word' id='word_1_307' title='bbox 2697 3885 2774 3940; x_wconf 88' lang='lat' dir='ltr'>ils</span> <span class='ocrx_word' id='word_1_308' title='bbox 2793 3886 2935 3940; x_wconf 85' lang='lat' dir='ltr'>sont</span> <span class='ocrx_word' id='word_1_309' title='bbox 2964 3884 3362 3941; x_wconf 70' lang='grc' dir='ltr'><strong>1133.Ρο3131,</strong></span> 
     </span>
     <span class='ocr_line' id='line_1_33' title="bbox 793 3972 3366 4043; baseline 0 -15"><span class='ocrx_word' id='word_1_310' title='bbox 793 3987 874 4028; x_wconf 75' lang='lat' dir='ltr'>m:</span> <span class='ocrx_word' id='word_1_311' title='bbox 928 3973 1313 4028; x_wconf 72' lang='lat' dir='ltr'>CounANffles.</span> <span class='ocrx_word' id='word_1_312' title='bbox 1366 3972 1742 4028; x_wconf 85' lang='lat' dir='ltr'>Recherches</span> <span class='ocrx_word' id='word_1_313' title='bbox 1795 3988 1901 4029; x_wconf 90' lang='lat' dir='ltr'>sur</span> <span class='ocrx_word' id='word_1_314' title='bbox 1955 3974 2245 4043; x_wconf 84' lang='lat' dir='ltr'>quelques</span> <span class='ocrx_word' id='word_1_315' title='bbox 2292 3972 2625 4042; x_wconf 80' lang='lat' dir='ltr'>problemes</span> <span class='ocrx_word' id='word_1_316' title='bbox 2678 3972 3003 4042; x_wconf 86' lang='lat' dir='ltr'>d’histoire‚</span> <span class='ocrx_word' id='word_1_317' title='bbox 3058 3986 3190 4040; x_wconf 84' lang='lat' dir='ltr'>pag.</span> <span class='ocrx_word' id='word_1_318' title='bbox 3231 3973 3366 4029; x_wconf 84' lang='lat'>102.</span> 
     </span>
     <span class='ocr_line' id='line_1_34' title="bbox 794 4059 2098 4128; baseline 0.002 -14"><span class='ocrx_word' id='word_1_319' title='bbox 794 4060 935 4115; x_wconf 91' lang='lat' dir='ltr'>adn.</span> <span class='ocrx_word' id='word_1_320' title='bbox 970 4063 1021 4115; x_wconf 91' lang='grc'>5.</span> <span class='ocrx_word' id='word_1_321' title='bbox 1060 4059 1213 4114; x_wconf 88' lang='lat' dir='ltr'>Vide</span> <span class='ocrx_word' id='word_1_322' title='bbox 1250 4074 1301 4114; x_wconf 91' lang='grc'>3.</span> <span class='ocrx_word' id='word_1_323' title='bbox 1319 4075 1371 4128; x_wconf 86' lang='lat' dir='ltr'>g.</span> <span class='ocrx_word' id='word_1_324' title='bbox 1411 4059 1471 4115; x_wconf 88' lang='lat' dir='ltr'>L.</span> <span class='ocrx_word' id='word_1_325' title='bbox 1512 4061 1560 4115; x_wconf 94' lang='lat'>1.</span> <span class='ocrx_word' id='word_1_326' title='bbox 1598 4060 1655 4116; x_wconf 89' lang='lat' dir='ltr'>C.</span> <span class='ocrx_word' id='word_1_327' title='bbox 1695 4059 1804 4116; x_wconf 85' lang='lat' dir='ltr'>Th.</span> <span class='ocrx_word' id='word_1_328' title='bbox 1840 4061 2011 4116; x_wconf 91' lang='lat' dir='ltr'>XIII.</span> <span class='ocrx_word' id='word_1_329' title='bbox 2046 4063 2098 4116; x_wconf 82' lang='lat'>5.</span> 
     </span>
    </p>

    <p class='ocr_par' dir='ltr' id='par_1_7' title="bbox 866 4146 1546 4216">
     <span class='ocr_line' id='line_1_35' title="bbox 866 4146 1546 4216; baseline -0.004 -13"><span class='ocrx_word' id='word_1_330' title='bbox 866 4149 907 4216; x_wconf 87' lang='lat'>²)</span> <span class='ocrx_word' id='word_1_331' title='bbox 944 4147 1008 4202; x_wconf 91' lang='lat' dir='ltr'>L.</span> <span class='ocrx_word' id='word_1_332' title='bbox 1043 4149 1095 4202; x_wconf 85' lang='lat'>4.</span> <span class='ocrx_word' id='word_1_333' title='bbox 1132 4147 1191 4201; x_wconf 86' lang='lat' dir='ltr'>C.</span> <span class='ocrx_word' id='word_1_334' title='bbox 1227 4146 1281 4203; x_wconf 89' lang='lat' dir='ltr'>J.</span> <span class='ocrx_word' id='word_1_335' title='bbox 1317 4146 1425 4202; x_wconf 93' lang='lat' dir='ltr'>XI.</span> <span class='ocrx_word' id='word_1_336' title='bbox 1460 4147 1546 4203; x_wconf 88' lang='lat'>68.</span> 
     </span>
    </p>

    <p class='ocr_par' dir='ltr' id='par_1_8' title="bbox 797 4233 3366 4390">
     <span class='ocr_line' id='line_1_36' title="bbox 867 4233 3366 4304; baseline 0 -16"><span class='ocrx_word' id='word_1_337' title='bbox 867 4233 908 4304; x_wconf 81' lang='lat'>³)</span> <span class='ocrx_word' id='word_1_338' title='bbox 947 4235 1009 4288; x_wconf 88' lang='lat' dir='ltr'>L.</span> <span class='ocrx_word' id='word_1_339' title='bbox 1046 4235 1098 4290; x_wconf 79' lang='lat'>7.</span> <span class='ocrx_word' id='word_1_340' title='bbox 1134 4233 1192 4290; x_wconf 91' lang='lat' dir='ltr'>C.</span> <span class='ocrx_word' id='word_1_341' title='bbox 1228 4233 1283 4289; x_wconf 91' lang='lat' dir='ltr'>J.</span> <span class='ocrx_word' id='word_1_342' title='bbox 1321 4233 1431 4291; x_wconf 91' lang='lat' dir='ltr'>XI.</span> <span class='ocrx_word' id='word_1_343' title='bbox 1464 4235 1549 4289; x_wconf 89' lang='grc'><strong>48.</strong></span> <span class='ocrx_word' id='word_1_344' title='bbox 1589 4234 2103 4302; x_wconf 83' lang='lat' dir='ltr'>Quemadmodum</span> <span class='ocrx_word' id='word_1_345' title='bbox 2142 4235 2499 4303; x_wconf 83' lang='lat' dir='ltr'>originarios</span> <span class='ocrx_word' id='word_1_346' title='bbox 2535 4236 2758 4304; x_wconf 88' lang='lat' dir='ltr'>absque</span> <span class='ocrx_word' id='word_1_347' title='bbox 2789 4236 2967 4302; x_wconf 86' lang='lat' dir='ltr'>terra,</span> <span class='ocrx_word' id='word_1_348' title='bbox 2986 4233 3075 4289; x_wconf 85' lang='lat' dir='ltr'>ita</span> <span class='ocrx_word' id='word_1_349' title='bbox 3099 4234 3366 4289; x_wconf 83' lang='lat' dir='ltr'>rusticos</span> 
     </span>
     <span class='ocr_line' id='line_1_37' title="bbox 797 4321 2412 4390; baseline -0.001 -14"><span class='ocrx_word' id='word_1_350' title='bbox 797 4321 1178 4390; x_wconf 88' lang='lat' dir='ltr'>censitosque</span> <span class='ocrx_word' id='word_1_351' title='bbox 1214 4336 1420 4376; x_wconf 82' lang='lat' dir='ltr'>servos</span> <span class='ocrx_word' id='word_1_352' title='bbox 1456 4323 1634 4377; x_wconf 88' lang='lat' dir='ltr'>vendi</span> <span class='ocrx_word' id='word_1_353' title='bbox 1672 4323 2054 4378; x_wconf 80' lang='lat' dir='ltr'>omnifariam</span> <span class='ocrx_word' id='word_1_354' title='bbox 2093 4337 2214 4378; x_wconf 92' lang='lat' dir='ltr'>non</span> <span class='ocrx_word' id='word_1_355' title='bbox 2251 4322 2412 4377; x_wconf 84' lang='lat' dir='ltr'>licet.</span> 
     </span>
    </p>

    <p class='ocr_par' dir='ltr' id='par_1_9' title="bbox 798 4408 3364 4564">
     <span class='ocr_line' id='line_1_38' title="bbox 863 4408 3364 4478; baseline 0 -15"><span class='ocrx_word' id='word_1_356' title='bbox 863 4409 906 4475; x_wconf 69' lang='grc'>4)</span> <span class='ocrx_word' id='word_1_357' title='bbox 944 4409 1005 4463; x_wconf 91' lang='lat' dir='ltr'>L.</span> <span class='ocrx_word' id='word_1_358' title='bbox 1040 4409 1126 4464; x_wconf 83' lang='lat'>24.</span> <span class='ocrx_word' id='word_1_359' title='bbox 1165 4408 1224 4463; x_wconf 88' lang='lat' dir='ltr'>C.</span> <span class='ocrx_word' id='word_1_360' title='bbox 1260 4408 1311 4464; x_wconf 93' lang='lat' dir='ltr'>J.</span> <span class='ocrx_word' id='word_1_361' title='bbox 1349 4408 1457 4464; x_wconf 91' lang='lat' dir='ltr'>XI.</span> <span class='ocrx_word' id='word_1_362' title='bbox 1492 4409 1578 4465; x_wconf 85' lang='lat'>48.</span> <span class='ocrx_word' id='word_1_363' title='bbox 1606 4441 1658 4449; x_wconf 89' lang='lat'>—</span> <span class='ocrx_word' id='word_1_364' title='bbox 1695 4410 1841 4465; x_wconf 73' lang='grc' dir='ltr'><strong>Νον.</strong></span> <span class='ocrx_word' id='word_1_365' title='bbox 1872 4409 2033 4465; x_wconf 88' lang='lat' dir='ltr'>Just.</span> <span class='ocrx_word' id='word_1_366' title='bbox 2052 4409 2278 4465; x_wconf 89' lang='lat' dir='ltr'>CLVII.</span> <span class='ocrx_word' id='word_1_367' title='bbox 2299 4408 2381 4465; x_wconf 89' lang='lat' dir='ltr'>De</span> <span class='ocrx_word' id='word_1_368' title='bbox 2402 4409 2629 4465; x_wconf 89' lang='lat' dir='ltr'>colonis</span> <span class='ocrx_word' id='word_1_369' title='bbox 2647 4409 2750 4478; x_wconf 89' lang='lat' dir='ltr'>qui</span> <span class='ocrx_word' id='word_1_370' title='bbox 2772 4409 2837 4464; x_wconf 91' lang='lat' dir='ltr'>in</span> <span class='ocrx_word' id='word_1_371' title='bbox 2856 4408 3074 4464; x_wconf 87' lang='lat' dir='ltr'>alienis</span> <span class='ocrx_word' id='word_1_372' title='bbox 3097 4408 3364 4478; x_wconf 86' lang='lat' dir='ltr'>praediis</span> 
     </span>
     <span class='ocr_line' id='line_1_39' title="bbox 798 4496 1699 4564; baseline -0.002 -14"><span class='ocrx_word' id='word_1_373' title='bbox 798 4496 1046 4564; x_wconf 81' lang='lat' dir='ltr'>nuptias</span> <span class='ocrx_word' id='word_1_374' title='bbox 1081 4496 1537 4551; x_wconf 78' lang='lat' dir='ltr'>contraxerunt.</span> <span class='ocrx_word' id='word_1_375' title='bbox 1696 4547 1699 4548; x_wconf 15' lang='lat'><em>⁷</em></span> 
     </span>
    </p>

    <p class='ocr_par' dir='ltr' id='par_1_10' title="bbox 868 4582 2480 4649">
     <span class='ocr_line' id='line_1_40' title="bbox 868 4582 2480 4649; baseline 0.002 -12"><span class='ocrx_word' id='word_1_376' title='bbox 868 4583 907 4649; x_wconf 66' lang='grc' dir='ltr'>ὅ)</span> <span class='ocrx_word' id='word_1_377' title='bbox 946 4582 1007 4637; x_wconf 93' lang='lat' dir='ltr'>L.</span> <span class='ocrx_word' id='word_1_378' title='bbox 1047 4585 1096 4637; x_wconf 94' lang='lat'>1.</span> <span class='ocrx_word' id='word_1_379' title='bbox 1133 4583 1192 4638; x_wconf 86' lang='lat' dir='ltr'>C.</span> <span class='ocrx_word' id='word_1_380' title='bbox 1228 4582 1279 4638; x_wconf 93' lang='lat' dir='ltr'>J.</span> <span class='ocrx_word' id='word_1_381' title='bbox 1318 4582 1425 4639; x_wconf 84' lang='lat' dir='ltr'>XI.</span> <span class='ocrx_word' id='word_1_382' title='bbox 1463 4584 1548 4638; x_wconf 85' lang='lat'>69.</span> <span class='ocrx_word' id='word_1_383' title='bbox 1592 4613 1643 4622; x_wconf 85' lang='lat'>-</span> <span class='ocrx_word' id='word_1_384' title='bbox 1690 4583 1839 4639; x_wconf 84' lang='lat' dir='ltr'>Nov.</span> <span class='ocrx_word' id='word_1_385' title='bbox 1873 4582 2034 4640; x_wconf 85' lang='lat' dir='ltr'>Just.</span> <span class='ocrx_word' id='word_1_386' title='bbox 2070 4582 2276 4639; x_wconf 92' lang='lat' dir='ltr'>XXII.</span> <span class='ocrx_word' id='word_1_387' title='bbox 2311 4597 2358 4639; x_wconf 92' lang='lat' dir='ltr'>c.</span> <span class='ocrx_word' id='word_1_388' title='bbox 2396 4583 2480 4640; x_wconf 87' lang='lat'>17.</span> 
     </span>
    </p>

    <p class='ocr_par' dir='ltr' id='par_1_11' title="bbox 868 4670 1735 4739">
     <span class='ocr_line' id='line_1_41' title="bbox 868 4670 1735 4739; baseline 0.002 -15"><span class='ocrx_word' id='word_1_389' title='bbox 868 4671 907 4739; x_wconf 62' lang='grc'>8)</span> <span class='ocrx_word' id='word_1_390' title='bbox 946 4670 1094 4726; x_wconf 82' lang='lat' dir='ltr'>Nov.</span> <span class='ocrx_word' id='word_1_391' title='bbox 1132 4670 1289 4726; x_wconf 87' lang='lat' dir='ltr'>Just.</span> <span class='ocrx_word' id='word_1_392' title='bbox 1329 4670 1561 4726; x_wconf 88' lang='lat' dir='ltr'>CLXII.</span> <span class='ocrx_word' id='word_1_393' title='bbox 1598 4685 1646 4727; x_wconf 89' lang='lat' dir='ltr'>c.</span> <span class='ocrx_word' id='word_1_394' title='bbox 1684 4671 1735 4726; x_wconf 86' lang='lat'>3.</span> 
     </span>
    </p>

    <p class='ocr_par' dir='ltr' id='par_1_12' title="bbox 868 4756 1588 4826">
     <span class='ocr_line' id='line_1_42' title="bbox 868 4756 1588 4826; baseline 0.001 -14"><span class='ocrx_word' id='word_1_395' title='bbox 868 4756 910 4826; x_wconf 85' lang='lat'>⁷)</span> <span class='ocrx_word' id='word_1_396' title='bbox 949 4757 1012 4812; x_wconf 93' lang='lat' dir='ltr'>L.</span> <span class='ocrx_word' id='word_1_397' title='bbox 1047 4758 1132 4813; x_wconf 84' lang='lat'>21.</span> <span class='ocrx_word' id='word_1_398' title='bbox 1172 4757 1231 4812; x_wconf 87' lang='lat' dir='ltr'>C.</span> <span class='ocrx_word' id='word_1_399' title='bbox 1266 4757 1318 4813; x_wconf 89' lang='lat' dir='ltr'>J.</span> <span class='ocrx_word' id='word_1_400' title='bbox 1356 4757 1465 4813; x_wconf 94' lang='lat' dir='ltr'>XI.</span> <span class='ocrx_word' id='word_1_401' title='bbox 1500 4757 1588 4814; x_wconf 86' lang='lat'>48.</span> 
     </span>
    </p>

    <p class='ocr_par' dir='ltr' id='par_1_13' title="bbox 868 4842 3364 4913">
     <span class='ocr_line' id='line_1_43' title="bbox 868 4842 3364 4913; baseline 0 -14"><span class='ocrx_word' id='word_1_402' title='bbox 868 4844 907 4910; x_wconf 72' lang='lat'>⁸)</span> <span class='ocrx_word' id='word_1_403' title='bbox 963 4844 1026 4900; x_wconf 94' lang='lat' dir='ltr'>L.</span> <span class='ocrx_word' id='word_1_404' title='bbox 1081 4845 1168 4900; x_wconf 91' lang='grc'><strong>24.</strong></span> <span class='ocrx_word' id='word_1_405' title='bbox 1206 4844 1265 4900; x_wconf 89' lang='lat' dir='ltr'>C.</span> <span class='ocrx_word' id='word_1_406' title='bbox 1300 4844 1354 4902; x_wconf 89' lang='lat' dir='ltr'>J.</span> <span class='ocrx_word' id='word_1_407' title='bbox 1391 4844 1501 4901; x_wconf 90' lang='lat' dir='ltr'>XI.</span> <span class='ocrx_word' id='word_1_408' title='bbox 1534 4845 1630 4900; x_wconf 84' lang='lat'>48:</span> <span class='ocrx_word' id='word_1_409' title='bbox 1667 4844 1782 4899; x_wconf 86' lang='lat' dir='ltr'>sibi</span> <span class='ocrx_word' id='word_1_410' title='bbox 1822 4859 2044 4900; x_wconf 86' lang='lat' dir='ltr'>uxores</span> <span class='ocrx_word' id='word_1_411' title='bbox 2082 4844 2445 4913; x_wconf 83' lang='lat' dir='ltr'>conjungere</span> <span class='ocrx_word' id='word_1_412' title='bbox 2464 4860 2480 4913; x_wconf 67' lang='grc' dir='ltr'><strong><em>ς</em></strong></span> <span class='ocrx_word' id='word_1_413' title='bbox 2519 4843 2669 4899; x_wconf 87' lang='lat' dir='ltr'>Nov.</span> <span class='ocrx_word' id='word_1_414' title='bbox 2704 4843 2865 4900; x_wconf 88' lang='lat' dir='ltr'>Just.</span> <span class='ocrx_word' id='word_1_415' title='bbox 2902 4843 3099 4899; x_wconf 86' lang='lat' dir='ltr'><strong>CLVI.</strong></span> <span class='ocrx_word' id='word_1_416' title='bbox 3134 4842 3267 4912; x_wconf 84' lang='lat' dir='ltr'>Cap.</span> <span class='ocrx_word' id='word_1_417' title='bbox 3309 4844 3364 4900; x_wconf 91' lang='lat'>1.</span> 
     </span>
    </p>
   </div>
  </div>
 </body>
</html>
