3770 5738
1315 1164 1978 1264 CAPUT
2083 1166 2160 1264 I.

1220 1791 1337 1859 DE
1387 1790 1930 1859 coLoNA'rUS
1976 1791 2023 1861 J
2030 1790 2236 1861 ORE.

551 2021 706 2104 QUI
772 2020 1095 2087 COLONI
1159 2020 1393 2085 DICTI
1456 2019 1680 2085 SINT.
1759 2020 1997 2086 Coloni
2065 2020 2485 2086 vocabulum
2531 2021 2691 2086 aliis
2752 2023 3011 2103 tempo·

456 2141 646 2205 ribus
695 2139 904 2204 aliter
951 2142 1063 2204 est
1111 2138 1527 2204 adhibitum.
1578 2139 1710 2204 Per
1761 2155 1835 2203 se
1885 2139 1953 2202 id
2006 2138 2176 2202 nihil
2231 2138 2625 2219 significare
2672 2140 2807 2204 nisi
2851 2157 3012 2205 eum

456 2258 573 2338 qui
637 2256 829 2340 colit,
893 2275 986 2322 sc.
1054 2274 1323 2339 agrum,
1366 2257 1594 2322 cuivis
1636 2259 1874 2338 patet;
1927 2274 2214 2338 prorsus
2277 2257 2462 2322 idem
2512 2258 2728 2338 igitur
2774 2260 2885 2323 est
2931 2276 3013 2323 ac

455 2375 775 2456 agricola,
849 2378 922 2440 et
992 2392 1071 2441 eo
1142 2392 1352 2440 sensu
1424 2374 1731 2456 generali
1804 2375 2214 2457 saepissime
2278 2393 2320 2440 a
2380 2376 2610 2457 poetis
2672 2375 3014 2457 imprimis

458 2495 932 2576 usurpabatur
954 2490 1023 2570 1).
1087 2492 1402 2558 Saeculis
1468 2493 1712 2573 primis
1776 2493 1969 2573 regni
2034 2492 2353 2576 Romani,
2395 2510 2553 2558 cum
2617 2511 2690 2558 re
2738 2511 2905 2559 vera
2952 2495 3013 2559 is

457 2612 573 2694 qui
644 2629 891 2692 agrum
952 2610 1358 2694 possidebat
1421 2610 1720 2675 eundem
1785 2610 2062 2676 colebat
2124 2611 2293 2694 ipse,
2361 2613 2739 2692 utrumque
2787 2612 3012 2677 coloni

461 2733 739 2797 nomine
787 2730 1333 2811 significabatur.
1384 2730 1556 2795 Inde
1604 2730 1655 2794 ii
1703 2747 1976 2811 quoque
2019 2731 2138 2811 qui
2178 2730 2266 2795 ad
2308 2732 2536 2795 terras
2560 2729 2744 2795 bello
2770 2734 3013 2813 captas

460 2849 983 2915 deducebantur
1060 2847 1283 2914 coloni
1362 2849 1798 2932 dicebantur,
1883 2851 2130 2931 utpote
2205 2849 2323 2930 qui
2398 2848 2532 2931 ipsi
2609 2865 2732 2914 eos
2810 2866 3014 2931 agros

457 2970 765 3035 colerent
786 2965 861 3050 ²).
934 2969 1029 3033 Eo
1098 2970 1340 3033 autem
1409 2971 1745 3050 tempore,
1814 2987 1944 3050 quo
2016 2971 2253 3051 partes
2322 2969 2469 3049 agri
2531 2969 2790 3051 publici
2828 2971 3017 3035 inter

458 3088 788 3169 patricios
835 3087 1041 3151 divisi
1090 3086 1391 3168 maj0res
1446 3091 1652 3152 erant
1697 3104 1907 3168 quam
1957 3088 2074 3168 qui
2122 3105 2164 3152 a
2211 3087 2510 3168 singulis
2557 3088 2779 3168 iisque
2821 3089 3013 3153 ditis-

455 3206 650 3270 simis
699 3204 1116 3285 colerentur,
1152 3204 1314 3269 aliis
1338 3204 1490 3270 sive
1516 3204 1896 3270 clientibus
1922 3205 2074 3270 sive
2101 3205 2389 3287 plebejis
2418 3206 2656 3286 egenis
2682 3205 3014 3272 colendae

455 3324 940 3403 tradebantur,
989 3323 1237 3388 dehinc
1286 3322 1335 3387 ii
1390 3324 1783 3405 praecipue,
1855 3324 1974 3403 qui
2052 3340 2257 3404 agros
2311 3340 2449 3388 non
2491 3341 2656 3389 suos
2696 3324 2815 3388 sed
2860 3341 3010 3389 con-

456 3442 705 3507 ductos
752 3442 1098 3524 colebant,
1148 3440 1374 3506 coloni
1421 3441 1591 3506 dicti
1640 3444 1811 3506 sunt
1831 3437 1921 3525 ⁸);
1973 3441 2036 3506 ei
2085 3445 2350 3524 contra,
2401 3442 2518 3522 qui
2567 3444 2792 3507 terras
2848 3459 3014 3506 suas

457 3559 782 3625 locabant
829 3576 1053 3640 neque
1088 3559 1236 3640 ·ipsi
1284 3558 1629 3640 colebant,
1679 3559 1944 3628 domini
1984 3558 2537 3641 appellabantur.
2582 3560 3013 3641 Quamquam

456 3678 502 3742 ii
549 3694 823 3759 quoque
863 3677 1229 3759 agricolae,
1278 3678 1395 3758 qui
1444 3678 1760 3759 proprssos
1808 3677 2088 3757 quidem
2140 3694 2344 3758 agros
2392 3669 2513 3742 s‘ed
2559 3694 2677 3742 eos
2725 3679 3016 3758 exiguos

458 3795 801 3877 colebant,
882 3796 1032 3860 sive
1104 3796 1254 3860 suis
1324 3797 1650 3861 manibus
1721 3796 1874 3861 sive
1945 3795 2388 3877 paucissimis
2461 3797 2742 3860 tantum
2791 3797 3017 3860 servis

457 3914 811 3995 adhibitis,
861 3914 1088 3979 coloni
1138 3914 1549 3980 dicebantur
1573 3910 1662 3996 4);
1712 3915 1773 3979 is
1822 3919 2090 3997 contra,
2140 3915 2258 3996 qui
2306 3895 2628 3979 maxima‘
2663 3915 3019 3980 territoria

530 4089 569 4157 ¹)
605 4088 774 4145 Ovid.
810 4088 1051 4144 Metam.
1087 4088 1132 4143 Ι.
1168 4089 1287 4157 272,
1325 4087 1427 4143 VI.
1463 4089 1582 4160 318,
1620 4088 1755 4144 VII.
1792 4089 1897 4144 435
1909 4105 1925 4157 3
1962 4088 2147 4145 Fasti.
2183 4088 2262 4144 ΙΙ.
2296 4090 2417 4156 646,
2454 4088 2557 4144 IV.
2591 4089 2712 4144 692.

529 4177 572 4242 ¹)
607 4176 850 4238 Siculus
905 4174 1174 4231 Flaccus.
1227 4176 1316 4231 ed.
1368 4176 1611 4232 Lachm.
1648 4191 1704 4245 p.
1742 4176 1859 4232 135.
1911 4175 2186 4232 Coloniae
2224 4178 2428 4232 autem
2465 4177 2603 4231 inde
2641 4175 2835 4231 dictae
2872 4180 3021 4232 sunt

461 4263 615 4331 quod
652 4262 854 4331 populi
893 4262 1146 4318 Romani
1181 4263 1246 4318 in
1283 4277 1354 4318 ea
1388 4264 1715 4332 municipia
1758 4264 2036 4319 miserint
2071 4263 2330 4332 colonos,
2366 4264 2461 4318 vel
2497 4263 2568 4317 ad
2599 4263 2764 4331 ipsos
2794 4263 3020 4330 priores

459 4350 921 4417 municipiorum
958 4349 1208 4418 populos
1244 4350 1621 4419 coercendos,
1660 4350 1754 4405 vel
1792 4350 1867 4405 ad
1906 4350 2176 4405 hostium
2214 4350 2499 4404 incursus
2535 4349 2924 4418 repellendos

530 4436 672 4491 Isid.
708 4435 865 4504 Orig.
898 4437 1015 4491 152.
1053 4435 1296 4492 Colonia
1331 4451 1471 4492 vero
1507 4440 1601 4491 est
1637 4452 1790 4505 quae
1832 4436 2071 4492 defectu
2116 4437 2534 4504 indigenarum
2576 4437 2748 4491 novis
2785 4437 3020 4492 cultori·

464 4522 575 4577 bus
610 4523 990 4592 adimpletur.
1032 4523 1203 4578 Unde
1239 4525 1303 4578 et
1337 4524 1570 4579 colonia
1603 4539 1639 4578 a
1673 4524 1842 4579 cultu
1880 4526 2005 4592 agri
2042 4526 2137 4579 est
2172 4523 2341 4579 dicta

533 4608 575 4674 ⁸)
633 4609 867 4665 Passim
922 4611 1078 4679 apud
1117 4611 1439 4679 scriptores
1473 4611 1558 4666 rei
1592 4612 1871 4666 rusticae.
1908 4611 2225 4667 Praeterea
2259 4611 2555 4680 imprimis
2589 4610 2650 4665 in
2690 4609 2827 4666 God.
2863 4610 2899 4665 J
2903 4612 3021 4666 ust.

469 4694 566 4750 IV.
621 4696 706 4752 65.
759 4697 854 4766 (de
908 4697 1100 4752 locato
1138 4697 1458 4763 conducto)
1494 4700 1556 4754 et
1591 4698 1721 4767 Dig.
1759 4698 1921 4753 XIX.
1960 4700 2008 4752 1.
2043 4698 2256 4767 (locati-
2279 4697 2586 4764 conducti)
2625 4697 2726 4752 ubi
2762 4698 3023 4752 alternat

469 4795 603 4837 cum
640 4784 1026 4839 conductoris
1061 4785 1368 4840 vocabulo.
1788 4789 1793 4794 ’

537 4867 578 4936 ⁴)
613 4868 755 4926 Cato
791 4871 864 4926 de
901 4885 964 4926 re
1001 4873 1151 4926 rust.
1190 4871 1235 4926 1.
1276 4871 1333 4938 13
1372 4870 1487 4927 Cic.
1525 4871 1599 4926 de
1635 4874 1782 4927 orat.
1822 4872 1900 4927 11.
1935 4872 2037 4926 287
2051 4888 2066 4941 ;
2103 4872 2165 4926 L.
2203 4874 2251 4927 1.
2290 4870 2459 4927 O.Th.
2497 4870 2606 4926 XI.
2642 4871 2728 4925 24.

2784 4967 2810 5021 1
