3770 5738
2030 489 2161 556 146

793 691 1026 773 batur,
1095 690 1200 755 ita
1267 694 1347 755 ut
1419 706 1582 772 pars
1649 706 1977 770 agrorum
2046 707 2089 754 a
2167 689 2637 772 municipibus
2686 689 2982 772 propriis
3029 689 3353 754 manibus

794 809 1161 891 coleretur,
1232 826 1414 891 parS,
1487 825 1651 889 ager
1714 807 2058 889 publicus,
2109 808 2383 889 publice
2437 811 2902 874 exerceretur.
2997 808 3353 888 Temporis

792 927 1167 992 intervallo
1216 928 1595 1009 optimates
1645 926 1988 991 militares
2036 931 2109 992 et
2159 926 2618 992 ecclesiastici
2668 927 2878 992 simul
2926 944 3086 991 cum
3135 926 3355 991 muni·

794 1046 1133 1128 cipiorum
1203 1045 1762 1128 possessionibus
1831 1045 2050 1110 etiam
2124 1046 2510 1110 servitutes
2564 1046 2667 1110 iis
2715 1046 3080 1128 impositas
3138 1045 3355 1109 vindi-

794 1166 1067 1230 cabant.
1123 1163 1289 1249 „Die
1337 1163 1588 1229 Arbeit
1637 1164 1758 1229 der
1803 1162 2024 1228 freien
2076 1163 2353 1229 Bauern
2402 1164 2530 1229 aus
2561 1164 2783 1229 ihrem
2808 1162 3353 1229 Gemeindeland

794 1282 1274 1348 verwandelte
1343 1283 1492 1348 sich
1567 1282 1640 1346 in
1696 1281 2159 1347 Frohnarbeit
2206 1281 2317 1346 fur
2363 1282 2474 1347 die
2518 1281 2730 1347 Diebe
2778 1282 2901 1347 des
2950 1280 3354 1346 Gemeinde·

796 1398 1083 1466 landes''
1111 1396 1181 1477 ¹).
1279 1400 1700 1482 HuJusmodi
1793 1416 2043 1481 operae
2137 1400 2597 1481 municipales
2668 1400 2888 1465 etiam
2939 1400 3008 1464 in
3064 1400 3353 1481 imperio

797 1519 1110 1584 Romano
1155 1518 1465 1601 fuerunt,
1506 1519 1614 1584 uti
1639 1518 1952 1583 innotuit
1977 1516 2240 1598 exlege
2266 1518 2578 1584 coloniae
2605 1519 2646 1583 J
2650 1518 2836 1583 uliae
2863 1517 3251 1583 Genetivae
3277 1514 3349 1599 2).

795 1636 1029 1718 Hujus
1076 1637 1250 1718 legis
1299 1653 1445 1719 cap.
1493 1635 1791 1701 XCVIII
1839 1635 2238 1717 hujusmodi
2288 1639 2427 1701 est:
2527 1636 3087 1721 „Quamcumque
3134 1636 3354 1700 muni·

794 1756 1058 1820 tionem
1129 1756 1537 1821 decuriones
1610 1755 1900 1836 hujusce
1948 1754 2259 1820 coloniae
2302 1754 2765 1836 decreverint,
2816 1756 2876 1820 si
2924 1754 3145 1836 maj01·
3191 1772 3353 1835 pars

795 1874 1246 1939 decurionum
1315 1873 1626 1955 atfuerit,
1697 1891 1857 1938 cum
1932 1889 2013 1937 ea
2055 1890 2167 1938 res
2213 1874 2641 1956 consuletur,
2688 1890 2843 1938 eam
2890 1873 3352 1937 munitionem

797 1991 946 2057 fieri
1018 1991 1249 2073 liceto,
1324 1993 1489 2056 dum
1537 2009 1623 2056 ne
1670 1991 1975 2072 amplius
2021 1992 2093 2055 in
2149 2009 2371 2056 annos
2418 1992 2732 2072 singulos
2780 1992 2990 2072 inque
3035 1990 3351 2055 homines

796 2110 1111 2191 singulos
1181 2111 1474 2191 puberes
1522 2126 1767 2191 operas
1817 2110 2066 2190 quinas
2113 2113 2187 2175 et
2233 2110 2305 2174 in
2344 2110 2671 2192 jumenta
2723 2109 3145 2192 plaustraria
3182 2109 3352 2192 juga

796 2229 1073 2311 singula
1142 2246 1386 2311 operas
1455 2231 1695 2294 ternas
1764 2230 2165 2295 decernant.
2239 2229 2454 2310 Eique
2502 2229 2875 2294 munitioni
2922 2228 3183 2294 aediles
3230 2228 3349 2309 qui

796 2351 953 2412 tum
1023 2350 1232 2413 erunt
1301 2365 1391 2413 ex
1439 2347 1891 2413 decurionum
1946 2347 2223 2412 decreto
2270 2351 2671 2428 praesunto.
2773 2347 2890 2412 Uti
2940 2347 3348 2411 decuriones

798 2466 1221 2549 censuerint,
1292 2467 1396 2530 ita
1443 2466 1902 2531 muniendum
1952 2468 2267 2547 curanto,
2315 2466 2482 2530 dum
2526 2483 2613 2530 ne
2661 2465 2890 2530 invito
2940 2464 3094 2546 ejus
3141 2481 3349 2546 opera

796 2585 1144 2666 exigatur,
1217 2584 1335 2665 qui
1403 2585 1627 2649 minor
1697 2601 2041 2649 annorum
2109 2583 2318 2648 XIIII
2388 2587 2514 2648 aut
2562 2584 2785 2665 major
2831 2601 3174 2649 annorum
3222 2583 3347 2647 LX

793 2705 1007 2767 natus
1075 2702 1231 2768 erit.
1282 2702 1410 2784 Qui
1458 2703 1527 2767 in
1576 2719 1659 2767 ea
1704 2703 1975 2768 colonia
2020 2703 2300 2767 intrave
2349 2702 2503 2783 ejus
2549 2702 2860 2768 coloniae
2910 2702 3084 2767 fines
3141 2702 3349 2766 domi-

792 2821 1030 2887 cilium
1091 2820 1544 2904 praediumve
1592 2820 1874 2886 habebit
1922 2837 2144 2902 neque
2193 2821 2343 2902 ejus
2391 2821 2701 2887 coloniae
2750 2820 3037 2887 colonus
3084 2820 3239 2904 erit,
3288 2820 3348 2885 is

791 2940 1017 3005 eidem
1065 2940 1441 3004 munitioni
1490 2940 1598 3003 uti
1646 2939 1937 3005 colonus
1986 2938 2268 3020 pareto'’
2298 2934 2373 3024 3).
2422 2940 2658 3004 Etiam
2706 2940 2815 3004 hic
2863 2957 3229 3020 operarum
3276 2942 3350 3003 et

781 3058 1109 3140 ‚iugorum
1166 3058 1430 3123 mentio
1476 3058 1592 3138 fit;
1642 3057 1865 3123 coloni
1917 3075 2209 3140 quoque,
2259 3060 2341 3121 ut
2390 3058 2734 3136 videmuS,
2777 3058 2863 3122 ad
2919 3058 3349 3122 munitiones

789 3176 1218 3241 extruendas
1264 3175 1554 3256 obligati
1606 3178 1829 3240 erant.
1878 3173 2105 3257 Supra
2140 3176 2287 3257 jam
2338 3176 2791 3240 observatum
2832 3178 2943 3240 est
2969 3168 3044 3259 ⁴),
3073 3178 3146 3240 et
3167 3174 3351 3240 infra

788 3294 1134 3377 copiosius
1182 3294 1781 3360 demonstrabitur
1808 3288 1878 3376 ⁵),
1927 3311 2216 3374 magnos
2262 3293 2422 3359 illos
2464 3294 2692 3359 saltus
2736 3294 3077 3374 paulatim
3118 3294 3350 3359 omnia

781 3412 942 3493 jura
988 3412 1527 3493 municipiorum
1577 3412 2050 3493 usurpavisse.
2100 3411 2475 3476 Praeterea
2520 3412 2697 3477 scire
2746 3412 3068 3476 videmur
3114 3413 3183 3476 in
3209 3428 3349 3475 una

788 3547 861 3595 re
914 3530 1276 3611 praedium
1328 3529 1672 3611 quoddam
1716 3532 1926 3595 antea
1975 3530 2432 3609 municipium
2480 3529 2717 3594 fuisse.
2767 3528 2847 3593 In
2873 3530 3348 3611 inscriptione,

788 3666 966 3729 quae
1036 3648 1331 3713 inventa
1377 3651 1488 3713 est
1535 3648 1719 3730 apud
1769 3648 2083 3712 Henchir
2131 3646 2444 3729 Mettich,
2494 3647 2742 3728 saltuS,
2796 3648 2879 3712 de
2924 3664 3058 3728 quo
3106 3648 3350 3713 valent

789 3767 1182 3833 constituta
1252 3768 1427 3847 legis
1503 3767 1929 3849 Mancianae,
2000 3766 2396 3848 appellatur
2468 3765 2727 3830 fundus
2780 3765 3010 3831 Villae
3059 3766 3349 3846 Magnae

791 3886 1100 3965 Variani,
1150 3885 1272 3951 sed
1324 3885 1423 3949 illi
1473 3887 1753 3950 nomine
1802 3901 2078 3966 semper
2123 3884 2540 3965 adjunctum
2565 3887 2711 3949 est:
2741 3885 2808 3948 id
2838 3887 2947 3950 est
2973 3885 3349 3962 (veltsive)

792 4003 1140 4087 Mappalia
1185 4002 1368 4084 Siga.
1416 4002 1781 4069 Probabile
1827 4006 2069 4067 autem
2117 4005 2229 4067 est
2279 4003 2405 4067 hoc
2461 4003 2835 4083 antiquum
2860 4019 3110 4067 nomen
3137 4002 3350 4083 huJus

789 4123 1089 4204 regionis
1151 4122 1404 4188 fuisse:
1468 4122 1571 4207 „le
1619 4124 1768 4186 mot
1814 4120 2185 4203 mappalia,
2236 4121 2408 4186 dont
2454 4119 2762 4186 Salluste
2810 4138 2987 4186 nous
3032 4138 3075 4185 a
3122 4121 3350 4186 donne

866 4335 901 4398 ²>
941 4334 1147 4400 ΜΑΒΧ,
1186 4333 1305 4389 Das
1341 4333 1599 4402 Kapital.
1639 4333 1683 4388 I.
1719 4347 1775 4401 p.
1813 4333 1930 4389 199.

861 4424 898 4481 ²)
937 4423 1089 4491 Eph.
1122 4421 1317 4491 Epigr.
1353 4421 1430 4476 II.
1467 4435 1522 4490 p.
1559 4422 1677 4487 105,
1712 4436 1769 4490 p.
1804 4422 1933 4489 2215
1972 4420 2082 4476 111.
2116 4434 2172 4489 p.
2205 4420 2294 4476 87.
2329 4418 2479 4475 Vide
2517 4421 2703 4476 etiam
2740 4420 2802 4475 L.
2822 4421 2874 4475 4.
2893 4419 3021 4489 Dig.
3040 4420 3104 4475 L.
3121 4420 3173 4474 4.
3194 4418 3352 4475 Cura

788 4510 1107 4565 extruendi
1144 4509 1238 4564 vel
1274 4508 1575 4564 reficiendi
1611 4510 1803 4578 operis
1841 4523 2068 4563 munus
2086 4508 2394 4577 publicum
2421 4510 2530 4578 est,
2551 4522 2722 4576 aquo
2743 4508 3005 4576 quinque
3025 4506 3349 4562 liberorum

787 4596 1182 4651 incolumium
1219 4598 1388 4665 pater
1423 4597 1750 4651 excusetur
1771 4635 1921 4651 .....

860 4684 901 4749 ³)
936 4682 1085 4738 Ibid.
1120 4683 1200 4739 II.
1235 4697 1289 4752 p.
1325 4683 1447 4739 224.

857 4771 899 4839 ⁴)
936 4784 991 4838 p.
1026 4770 1095 4825 36
1131 4785 1218 4839 sq.

859 4858 898 4927 ⁶)
936 4872 992 4926 p.
1029 4858 1147 4914 170.
