3770 5738
1675 494 1798 562 151

359 715 373 733 ·
475 696 985 778 pensitationes
1060 695 1380 777 publicae
1455 696 1543 760 ad
1617 712 1857 761 eorum
1925 693 2471 759 sollicitudinem
2542 696 2890 776 spectent,
2940 693 3030 758 ad

477 831 768 896 quorum
817 814 1203 879 dominium
1252 814 1729 894 possessiones
1776 813 2059 879 eaedem
2109 811 2639 892 migraverunt-‚⁹⁹
2668 808 2737 889 1).
2785 812 2874 875 Et
2917 812 3031 876 lex

473 931 954 997 Valentiniani
1026 931 1508 996 venditionem
1567 932 1848 996 omnino
1920 929 2326 995 interdixit:
2405 928 3031 1014 „quemadmodum

475 1049 884 1130 originarios
959 1051 1222 1129 absque
1270 1051 1482 1131 terra,
1531 1049 1634 1114 ita
1683 1048 1987 1113 rusticos
2036 1048 2481 1128 censitosque
2530 1064 2773 1113 servos
2821 1047 3031 1112 vendi

475 1167 914 1233 omnifariam
966 1185 1102 1232 non
1151 1167 1362 1233 licet'’
1391 1162 1462 1244 2).
1512 1166 1723 1232 Patet
1747 1168 1875 1232 hoc
1901 1166 2360 1231 interdictum
2386 1182 2522 1230 non
2549 1182 3031 1246 possessorum

472 1287 698 1366 gratia
768 1287 1254 1350 renuntiatum
1300 1302 1489 1365 esse;
1539 1286 1828 1366 etenim,
1881 1288 1963 1349 ut
2007 1285 2463 1350 adhaerentia
2513 1285 3031 1366 possessoribus

474 1407 902 1486 potestatem
948 1404 1224 1485 tribuit,
1279 1421 1416 1483 qua
1465 1403 1747 1469 colonos
1794 1421 1981 1483 suos,
2028 1406 2241 1468 antea
2289 1403 2566 1485 liberos,
2618 1403 3027 1482 retinerent,

475 1523 576 1587 ita
625 1524 871 1587 contra
913 1539 1015 1603 eo,
1065 1521 1246 1603 quod
1296 1523 1486 1586 servi
1533 1522 1680 1587 solo
1726 1522 2149 1603 ligabantur,
2179 1538 2419 1586 eorum
2453 1523 2790 1602 potestaS,
2815 1522 3030 1586 antea

480 1641 774 1721 infinita,
824 1657 1244 1722 magnopere
1293 1641 1764 1705 coercebatur.
1816 1639 1992 1722 Quid
2045 1640 2351 1705 voluerit
2398 1640 2527 1705 hoc
2573 1639 3029 1704 interdictum

475 1761 765 1840 apparet
835 1776 922 1824 ex
995 1758 1145 1838 lege
1193 1775 1402 1838 quam
1452 1759 1673 1840 primo
1721 1758 1870 1823 loco
1923 1757 2233 1823 laudavi:
2287 1775 2374 1823 ne
2418 1774 2629 1823 onera
2677 1775 2758 1822 ac
2805 1757 3028 1839 pensi-

476 1878 784 1942 tationes
830 1876 1167 1959 publicae,
1196 1877 1302 1941 i.e.
1339 1893 1425 1941 ne
1452 1877 1721 1941 tributa
1748 1893 1830 1940 ac
1854 1876 2126 1941 reditus
2148 1876 2249 1940 rei
2274 1874 2593 1957 publicae
2619 1875 2931 1956 perirent
2956 1869 3026 1952 ³).

564 1996 756 2060 Idem
828 1996 897 2059 in
969 1995 1468 2076 posterioribus
1540 1994 1811 2075 legibus
1860 1994 1944 2059 de
1993 1993 2323 2059 colonatu
2371 1995 2678 2059 strictim
2727 1994 3027 2075 quidem,

476 2113 591 2179 sed
664 2113 1052 2178 identidem
1124 2113 1559 2177 enuntiatur.
1623 2149 1686 2157 —
1748 2111 1927 2177 Olim
1973 2112 2352 2192 benignum
2398 2112 2870 2177 constitutum
2922 2129 3027 2176 va·

477 2232 704 2296 luerat
776 2230 1028 2296 liberos
1077 2248 1167 2295 ex
1213 2230 1659 2312 adscripticio
1709 2231 1823 2296 vel
1872 2231 2114 2296 colono
2162 2233 2236 2296 et
2283 2230 2501 2295 libera
2532 2205 2772 2294 ⁸matre
2823 2231 3030 2295 natos

472 2350 727 2416 liberos
774 2366 964 2431 esse;
1016 2349 1465 2414 Justinianus
1513 2351 1754 2413 autem
1801 2350 2176 2430 comperit:
2228 2365 2356 2432 „ex
2388 2349 2516 2413 hoc
2541 2347 3030 2413 detrimentari

471 2469 722 2534 fundos
770 2468 899 2546 (i.e.
951 2484 1192 2532 eorum
1242 2466 1704 2550 possessores)
1751 2469 1825 2532 et
1863 2485 2094 2532 eorum
2117 2468 2512 2549 functione&
2540 2466 3031 2532 recedentibus

471 2586 811 2667 agricolis,
889 2585 1087 2650 velut
1170 2603 1258 2650 ex
1306 2589 1508 2651 utero
1555 2586 1772 2650 libero
1822 2582 2391 2666 praecedentes’'.
2440 2584 2632 2666 Quod
2676 2584 3031 2666 permovit

473 2722 632 2769 eum
704 2708 787 2768 ut
853 2705 1217 2785 antiquam
1289 2704 1876 2770 constitutionem
1951 2706 2283 2768 mutaret.
2370 2702 2779 2787 „Sancimus
2863 2720 3025 2784 ergo

472 2822 866 2904 generalem
939 2823 1182 2905 legem,
1255 2825 1338 2888 ut
1412 2822 1529 2903 qui
1602 2839 1690 2887 ex
1729 2823 2177 2905 adscripticio
2227 2825 2300 2887 et
2345 2821 2588 2888 colono
2636 2824 2849 2888 natus
2897 2825 3029 2905 est,

470 2942 694 3023 patris
755 2943 1084 3035 naturam
1150 2945 1504 3022 sequatur.
1556 2939 1670 3006 Sic
1718 2958 1879 3022 ergo
1930 2946 1992 3006 et
2037 2942 2442 3007 indemnitas
2488 2941 2637 3019 fisci
2684 2939 3029 3005 collatori·

468 3061 600 3125 bus
670 3061 807 3125 erit
879 3059 951 3124 P.
1004 3059 1071 3125 C.
1147 3059 1298 3125 Hoc
1369 3077 1530 3140 ergo
1592 3060 1959 3125 medentes
2006 3061 2449 3142 praesentem
2500 3058 3029 3139 dispositionem

469 3178 961 3259 disposuimus,
1035 3195 1247 3258 quam
1316 3179 1688 3243 observare
1759 3180 1959 3242 tuam
2007 3176 2505 3243 celsitudinem
2552 3176 2907 3241 sancimus
2954 3177 3024 3241 in

468 3297 790 3361 omnibus
860 3296 1280 3378 illyricianis
1350 3296 1693 3377 partibus,
1763 3299 1842 3360 ut
1909 3314 2040 3360 non
2108 3296 2339 3360 exinde
2386 3295 2747 3360 deminutio
2794 3296 3027 3377 aliqua

467 3415 752 3506 dominis
831 3413 1226 3496 inferatu·r’'
1256 3409 1328 3495 ⁴).
1423 3413 1695 3478 Revera
1788 3415 2037 3478 horum
2108 3415 2507 3494 utrumque,
2585 3412 3025 3477 commodum

470 3549 953 3614 possessorum
1025 3535 1099 3597 et
1169 3532 1341 3615 fisci,
1417 3549 1701 3597 causam
1773 3533 2014 3613 fuisse,
2087 3547 2263 3613 quae
2333 3530 2421 3595 ad
2472 3530 3025 3596 oedificationem

465 3650 962 3715 adhaerentiae
1036 3649 1339 3730 duxerit,
1411 3650 1973 3715 luculentissime
2043 3651 2336 3731 apparet
2407 3650 2621 3713 etiam
2693 3666 2782 3713 ex
2829 3665 3025 3728 argu-

466 3769 1022 3833 mentationibus
1069 3769 1431 3848 sequentis
1471 3768 1646 3848 legis
1687 3768 1726 3832 J
1733 3768 2101 3848 ustiniani‚
2130 3768 2197 3832 in
2227 3783 2362 3848 qua
2385 3768 2589 3831 ambo
2615 3769 3024 3831 constanter

461 3886 671 3967 juxta
743 3889 1253 3951 memorantur:
1332 3885 1496 3969 „Die
1573 3889 1924 3965 noctuque
1997 3903 2120 3967 pro
2194 3884 2510 3949 utilitate
2558 3884 2658 3949 rei
2707 3884 3024 3965 publicae

467 4004 825 4069 subtiliter
872 4004 1286 4085 cogitanteS,
1337 4003 1457 4068 illa
1505 4021 1960 4085 properamus
2007 4019 2366 4077 renovare,
2419 4005 2685 4082 quanta
2733 4002 2802 4066 in
2854 4002 3023 4067 locis

466 4122 876 4203 opportunis
924 4126 1094 4187 sunt
1122 4123 1537 4202 necessaria,
1566 4125 1639 4187 et
1667 4122 1971 4187 maxime
1984 4139 2122 4204 pro
2153 4121 2424 4185 tributis
2448 4123 2650 4201 atque
2673 4120 3020 4203 reditibuS,

465 4241 614 4305 sine
663 4241 917 4320 quibus
961 4240 1386 4336 impossibile
1435 4243 1547 4305 est
1595 4240 1859 4320 aliquid
1915 4257 2121 4320 agere
2175 4255 2605 4320 prosperum.
2656 4236 3022 4319 Suggessit

539 4414 578 4484 ¹)
615 4414 678 4469 L.
713 4414 765 4469 2.
801 4414 860 4469 C.
900 4413 1006 4469 Th.
1044 4414 1151 4470 XI.
1188 4416 1240 4470 3.
1276 4414 1443 4470 Idem
1483 4416 1890 4470 constitutum
1928 4413 2093 4469 valet
2112 4414 2183 4469 de
2205 4413 2461 4469 colonis:
2484 4412 3020 4470 L.26.C.Th.XI.1.

536 4502 557 4533 2

536 4508 576 4655 ’ζ
613 4500 1271 4644 gogngrsssnffsLadgl„
1309 4590 1360 4643 2.
1396 4588 1457 4643 C.
1494 4588 1600 4644 Th.
1639 4589 1747 4644 XI.
1782 4589 1830 4644 3.
1856 4631 1867 4644 .
1889 4630 1937 4644 ..
1976 4588 2275 4657 mancipia
2308 4588 2467 4642 intra
2503 4586 2758 4642 eandem
2783 4588 3021 4656 provin-

466 4674 636 4740 ciam,
688 4676 850 4730 intra
901 4690 1081 4744 quam
1138 4677 1422 4731 censibus
1479 4675 1781 4744 adscripta
1838 4678 2005 4745 sunt,
2060 4675 2237 4730 vendi
2264 4675 2440 4742 jubet
2475 4668 2909 4729 Constantinus
2945 4674 3021 4730 M.

468 4775 678 4830 nempe
719 4765 790 4816 ut
825 4762 911 4817 ita
946 4763 1163 4831 cuique
1200 4763 1545 4831 provinciae
1586 4777 1735 4818 suus
1773 4777 1996 4818 census
2033 4761 2249 4818 modus
2284 4763 2574 4817 servetur.

536 4850 578 4915 ⁴)
613 4848 697 4905 De
735 4849 1128 4919 adscripticiis
1163 4851 1226 4905 et
1261 4849 1505 4905 colonis,
