3770 5738
1990 492 2116 557 132

774 688 949 784 1858
998 690 1072 752 et
1125 689 1293 754 1861
1348 706 1681 755 numerus
1736 690 2322 755 mercenariorum
2348 691 2709 755 crescebat
2733 690 3320 771 usquea398920

771 806 943 871 viris
991 809 1065 871 et
1113 808 1383 872 367222
1433 807 1847 873 mulieribus
1896 807 1982 873 ad
2035 807 2301 872 574937
2331 809 2520 873 viros
2563 810 2638 873 et
2664 808 2932 873 500532
2960 808 3322 873 mulieres:

768 925 965 1006 plebs
1014 926 1280 990 rustica
1328 927 1483 991 erat
1531 928 1788 991 creata.
1841 962 1926 973 —

858 1043 963 1107 Ex
1033 1043 1222 1108 hisce
1294 1044 1614 1124 colligere
1677 1045 1892 1110 iicet:
1967 1045 2086 1109 ubi
2161 1047 2275 1110 est
2342 1043 2778 1109 abundantia
2830 1044 3323 1127 operariorum,

774 1161 1032 1246 „liber”
1084 1162 1278 1228 labor
1325 1164 1548 1244 magis
1594 1162 1980 1229 conducere
2029 1162 2314 1228 videtur
2362 1180 2571 1244 quam
2612 1163 2808 1228 labor
2833 1163 2973 1244 qui,
3001 1162 3326 1243 sivejure

767 1280 916 1345 sive
970 1281 1397 1346 necessitate
1446 1281 1595 1346 sola
1644 1284 1953 1364 coactuS‚
2006 1281 2182 1346 liber
2230 1298 2369 1346 non
2419 1284 2551 1347 est.
2613 1318 2685 1326 -—

857 1397 1056 1464 Intra
1102 1416 1323 1465 annos
1374 1402 1615 1465 autem
1678 1398 1853 1465 1860
1903 1402 1975 1465 et
2033 1399 2209 1465 1870
2261 1399 2401 1464 alia
2448 1400 2697 1481 incipit
2745 1400 2946 1466 ratio.
3015 1400 3322 1480 Operarii

767 1517 957 1582 ultra
1025 1518 1309 1582 modum
1381 1517 1654 1599 depulsi
1726 1520 1968 1600 erant;
2029 1520 2185 1583 orta
2232 1519 2386 1583 erat
2439 1518 2673 1599 inopia
2712 1519 3319 1584 mercenariorum.

767 1634 856 1700 Hi
929 1635 1117 1699 enim
1202 1636 1264 1700 si
1334 1636 1660 1701 laborant
1741 1637 1997 1717 exigua
2078 1636 2396 1701 mercede
2489 1639 2563 1701 et
2631 1636 2811 1701 male
2883 1636 3321 1718 nutriuntur,

763 1754 1152 1833 procreatio
1223 1771 1493 1835 quoque
1568 1754 1750 1819 male
1823 1771 1898 1819 se
1951 1727 2182 1820 ‘habet
2266 1792 2328 1800 —
2412 1770 2630 1834 aeque
2702 1772 2783 1819 ac
2853 1755 3036 1836 apud
3080 1771 3323 1819 servos

770 1870 1303 1936 latifundiorum
1353 1893 1467 1954 —3
1517 1873 1956 1953 emigrabant
2010 1872 2082 1936 in
2113 1873 2512 1937 Amerioam
2535 1875 2664 1937 aut
2687 1890 2862 1955 opus
2888 1873 3322 1952 quaerebant

765 1990 835 2053 in
886 1989 1237 2054 industria
1283 2007 1459 2070 quae
1509 1991 1767 2055 dicitur
1813 1992 1882 2054 in
1933 1992 2141 2056 rebus
2193 2008 2407 2056 manu
2454 1990 2793 2056 faciendis
2843 1991 3093 2072 posita.
3146 1990 3319 2054 Tum

763 2108 1046 2172 inversa
1114 2108 1296 2173 ratio
1367 2109 1707 2174 obtinuit:
1784 2113 2163 2190 coeperunt
2231 2109 2487 2174 liberos
2556 2109 3020 2174 mercenarios
3093 2108 3317 2174 denuo

765 2226 1202 2306 adstringere
1268 2243 1369 2309 eo,
1435 2227 1618 2307 quod
1680 2228 1782 2292 eis
1831 2245 2036 2308 agros
2085 2228 2366 2309 dabant,
2418 2228 2671 2307 quibus
2717 2228 2976 2309 partim
3029 2226 3214 2292 alere
3243 2243 3319 2291 se

762 2346 1073 2426 possent,
1124 2344 1332 2408 simul
1378 2347 1616 2410 tamen
1666 2346 1890 2410 coacti
1943 2348 2183 2411 essent
2223 2347 2293 2410 in
2336 2345 2640 2426 praediis
2683 2344 3119 2410 dominorum
3144 2362 3318 2426 opus

763 2479 971 2526 suum
1061 2464 1438 2544 praestare.
1515 2463 1900 2528 Consilium
1966 2465 2483 2545 proponebatur
2555 2481 2598 2528 a
2665 2464 3071 2529 Ronnnnro:
3152 2463 3315 2548 „Die

762 2580 1072 2645 Freiheit
1143 2581 1264 2645 des
1339 2580 1983 2663 Grundeigentums
2053 2583 2150 2646 ist
2219 2584 2397 2647 noch
2470 2582 2716 2647 weiter
2790 2581 2998 2646 dahin
3048 2598 3177 2646 aus
3225 2598 3312 2645 zu

764 2699 1058 2780 dehnen,
1136 2698 1299 2763 dasz
1373 2700 1503 2764 den
1553 2699 2154 2766 Grundbesitzern
2215 2700 2472 2765 wieder
2517 2702 2864 2780 gestattet
2910 2698 3109 2782 wird,
3158 2699 3309 2764 frei-

761 2816 1300 2898 eigentumliche
1373 2817 1771 2884 Hofstellen
1843 2822 2293 2900 anzusetzen,
2366 2818 2578 2885 deren
2643 2817 2906 2884 Kaufer
2966 2818 3077 2884 die
3142 2817 3309 2884 Ver·

759 2934 1149 3016 pflichtung
1237 2936 1712 3001 ubernehmen
1799 2938 2028 3002 davon
2093 2938 2249 3003 eine
2336 2937 2740 3002 bestimmte
2828 2936 3101 3001 Anzahl
3173 2953 3310 3001 von

760 3053 1260 3133 Arbeitstagen
1330 3070 1420 3119 an
1495 3054 1604 3119 ein
1676 3055 2123 3120 bestimmtes
2188 3053 2336 3120 Gut
2386 3054 2603 3120 durch
2651 3054 2988 3134 beliebige
3040 3054 3312 3119 Dienst-

757 3172 967 3237 boten
1038 3189 1125 3236 zu
1197 3172 1520 3237 leisten’'.
1595 3172 1797 3238 Unus
1868 3190 1957 3238 ex
2023 3190 2259 3238 eorum
2305 3189 2615 3254 1111111610,
2666 3173 2785 3253 qui
2831 3189 3312 3254 possessorum

758 3290 1119 3355 commoda
1178 3291 1588 3372 tuebantur,
1653 3291 1985 3371 Mm'rzEN,
2041 3291 2259 3356 dixit:
2316 3290 2905 3375 „Unzweifelhast
2953 3289 3077 3354 das
3126 3296 3312 3354 wun-

758 3409 1394 3473 schenswertheste
1425 3409 2185 3474 Arbeiterverhaltnisz
2213 3409 2432 3474 bleibt
2455 3409 2581 3473 das
2606 3409 2798 3474 eines
2822 3408 2950 3473 auf
2965 3408 3309 3489 Tagelohn

757 3526 1292 3607 angewiesenen
1358 3542 1868 3607 angesessenen
1938 3526 2438 3592 WirtheS....
2503 3527 2593 3590 Er
2659 3528 2757 3591 ist
2819 3544 2932 3591 am
2991 3525 3157 3591 Orte
3204 3543 3307 3607 ge·

758 3644 1035 3710 bunden
1108 3644 1251 3709 und
1319 3643 1448 3709 auf
1508 3646 1701 3709 seine
1772 3644 2144 3711 Nachbarn
2216 3645 2682 3726 angewiesen,
2737 3644 2861 3709 hat
2906 3662 2995 3709 an
3045 3644 3311 3709 seinem

758 3762 1033 3828 Besitze
1097 3763 1250 3827 eine
1314 3762 1675 3827 Beihilfe''.
1744 3764 1922 3845 Lege
1971 3763 2313 3845 permissa
2364 3766 2517 3828 erat
2574 3762 2723 3847 „die
2771 3762 3312 3843 cigentumliche
3374 3804 3387 3822 .

760 3880 1298 3961 Uebertragung
1338 3876 1550 3945 eines‘
1574 3880 2069 3946 Grundstucks
2108 3894 2321 3963 gegen
2353 3880 2840 3946 Uebernahme
2866 3881 3059 3945 einer
3082 3880 3311 3945 festen

759 3999 1136 4064 Geldrente
1185 3995 1735 4082 (Rentengut¹)),
1785 4002 1859 4064 et
1907 4016 2332 4080 quamquam
2359 4000 2540 4079 regis
2567 3999 2984 4063 administer
3012 3999 3313 4080 negabat

759 4134 833 4182 se
903 4117 1215 4183 rationes
1284 4117 1600 4199 feudales
1677 4117 1853 4182 inire
1928 4118 2133 4199 velle,
2209 4117 2386 4183 mira
2449 4119 2653 4182 extat
2713 4116 3102 4182 similitudo
3151 4134 3310 4182 cum

758 4220 1054 4315 antiqua
1119 4226 1597 4300 adhaerentia.
1671 4234 1993 4318 Colonus,
2068 4236 2185 4317 qui
2251 4236 2361 4300 hic
2405 4236 2664 4301 dicitur
2718 4235 3312 4320 „Rentengutsbe

758 4353 1016 4419 sitzer’'
1081 4371 1327 4434 agrum
1374 4354 1437 4418 ei
1485 4356 1770 4418 tantum
1815 4354 2121 4419 vendere
2168 4356 2428 4436 potest,
2481 4354 2597 4435 qui
2646 4353 3033 4435 possessori
3081 4353 3314 4437 placet
3422 4398 3433 4411 .

759 4473 973 4550 (einer
1035 4472 1191 4537 dem
1255 4436 2019 4553 Rentenberechtigten
2086 4473 2471 4553 genehmen
2539 4472 2864 4554 Person);
2913 4473 2972 4538 si
3021 4473 3313 4538 idoneus

758 4594 870 4655 est
916 4591 1273 4671 operarius
1320 4592 1532 4671 atque
1582 4591 1906 4655 dominus
1959 4591 2158 4672 cupit
2205 4607 2366 4656 eum
2415 4591 2740 4673 retinere,
2782 4591 2894 4697 hic
2919 4591 3311 4656 venditioni

826 4846 863 4919 ¹)
901 4847 1031 4901 Art.
1070 4847 1115 4901 1.
1153 4845 1303 4914 mgis
1342 4806 1514 4901 darae
1550 4845 1644 4900 die
1680 4845 1925 4901 xxvn
1963 4860 2169 4901 mense
2208 4845 2390 4902 Junio
2427 4861 2480 4903 a.
2518 4846 2671 4903 1890.
