3770 5738
1948 509 2077 572 108

744 707 1050 789 pretium
1120 710 1231 772 est
1301 709 1672 772 observare
1743 708 1913 771 haec
1985 724 2106 787 per
2153 709 2379 772 totam
2428 708 2705 774 Italiam
2754 729 3000 792 sparsa
3048 712 3303 795 fuisse;

746 827 1048 890 habebat
1095 828 1303 904 enim,
1353 829 1704 906 quatenus
1749 842 1837 891 ex
1887 825 2215 906 epistulis
2258 826 2487 907 colligi
2535 830 2810 909 potest:

842 945 898 1008 1.
994 944 1499 1009 Laurentinum
1576 944 1647 1026 (Ι.
1714 945 1777 1008 9.
1830 946 1906 1024 4;
1958 945 2066 1008 22.
2123 945 2237 1026 11;
2310 944 2397 1009 V.
2455 946 2516 1010 2.
2573 948 2684 1029 1.)‚
2757 947 2936 1027 quod
3012 950 3304 1014 verbose

749 1062 1082 1126 describit
1155 1062 1356 1143 epist.
1430 1061 1514 1127 II.
1594 1063 1711 1143 173
1783 1063 2357 1127 amoenissimum
2428 1065 2731 1146 quidem,
2795 1065 2914 1130 sed
2965 1084 3182 1147 parvo
3233 1069 3301 1131 in

747 1180 981 1245 reditu
1041 1180 1243 1263 (nihil
1313 1180 1408 1244 ibi
1455 1181 1773 1262 possideo
1819 1183 2104 1262 praeter
2148 1184 2421 1246 tectum
2471 1186 2544 1247 et
2589 1184 2872 1249 hortum
2920 1184 3305 1265 statimque

749 1299 1066 1362 harenae.
1117 1297 1238 1362 IV.
1290 1301 1350 1363 6.
1405 1300 1536 1379 2.);
1583 1299 1713 1362 hoc
1761 1298 1990 1362 hieme
2039 1298 2481 1364 inhabitabat
2527 1300 2675 1377 (IX.
2727 1302 2834 1365 40.
2891 1304 3003 1378 1.).

842 1417 901 1481 2.
997 1415 1257 1481 Tuscos
1308 1415 1453 1495 (IV.
1511 1418 1569 1480 1.
1619 1416 1697 1497 33
1748 1415 1834 1481 V.
1893 1418 1995 1481 18.
2049 1418 2138 1497 2),’
2187 1434 2361 1497 quos
2410 1435 2664 1499 magna
2712 1420 2916 1485 laude
2964 1421 3167 1485 effert
3195 1438 3302 1503 ep.

750 1534 834 1599 V.
886 1536 962 1614 63
1035 1534 1220 1599 circa
1288 1551 1407 1599 eos
1476 1535 1778 1599 habebat
1848 1535 2162 1617 praedia,.
2222 1536 2318 1600 ibi
2365 1536 2554 1601 enim
2602 1539 2905 1603 moranti
2952 1539 3302 1619 querellae

751 1653 1152 1718 colonorum
1199 1652 1262 1717 ei
1308 1651 1633 1718 ferendae
1680 1656 1883 1717 erant
1915 1652 2063 1730 (IX.
2101 1655 2217 1734 153
2246 1654 2354 1719 36.
2383 1653 2452 1730 6)
2479 1677 2494 1736 ;
2522 1655 2593 1719 in
2620 1655 2729 1720 his
2755 1658 2980 1721 otium
3005 1658 3303 1723 aestatis

752 1770 1082 1851 exigebat
1125 1769 1275 1848 (IX.
1328 1771 1436 1835 40.
1493 1773 1598 1847 1.).

845 1891 904 1954 3.
1004 1888 1480 1954 Tusculanum
1534 1889 1679 1965 (IV.
1738 1889 1839 1954 13.
1895 1891 1963 1972 1;
2013 1889 2099 1954 V.
2149 1890 2392 1971 6145.);

1005 2008 1452 2072 Tiburtinum
1515 2007 1624 2086 (V.
1678 2007 1923 2090 6.45.);

1004 2125 1541 2190 Praenestinum
1606 2125 1717 2204 (V.
1769 2125 2008 2207 6.45.);

1002 2243 1246 2309 villam
1293 2243 1693 2309 Alsiensem
1740 2242 1885 2322 (VI.
1941 2245 2105 2325 10.);

1002 2362 1284 2443 praedia
1332 2362 1567 2427 vicina
1610 2361 1862 2444 oppido
1912 2362 2175 2427 Tiferni
2222 2363 2523 2428 Tiberini
2577 2363 2722 2440 (IV.
2776 2365 2965 2447 1.4.);

846 2481 910 2545 8.
1006 2481 1233 2545 multa
1284 2481 1567 2561 praedia
1614 2481 1799 2546 circa
1836 2481 2140 2562 patriam
2183 2482 2424 2546 urbem
2466 2481 2793 2546 Comum:
2825 2483 2919 2546 ibi
2946 2484 3308 2548 circumire

757 2616 833 2663 se
904 2598 1167 2681 agellos
1236 2616 1401 2664 suos
1470 2598 1687 2664 semel
1739 2599 1987 2664 scribit
2035 2598 2149 2678 (V.
2207 2600 2440 2682 14.8.);
2490 2601 2562 2665 in
2612 2617 2747 2680 quo
2804 2600 3095 2682 legendo
3136 2619 3308 2667 cave

759 2720 966 2798 putes
1037 2718 1162 2782 hos
1231 2718 1522 2798 exiguos
1593 2718 1842 2798 fuisse;
1917 2718 2080 2783 alibi
2156 2707 2345 2783 enim
2393 2722 2685 2800 apparet
2729 2719 3054 2799 agellum,
3103 2737 3310 2801 quem

760 2837 1021 2901 nutrici
1091 2836 1497 2919 donaverat,
1571 2840 1857 2902 centum
1927 2837 2200 2903 milium
2275 2855 2643 2903 nummum
2706 2838 2926 2904 fuisse
2972 2837 3117 2915 (VI.
3171 2838 3311 2922 3.);

759 2955 1070 3034 loquitur
1153 2956 1237 3021 de
1315 2957 1659 3039 „praediis
1729 2957 1913 3021 circa
1983 2956 2266 3022 Larium
2333 2956 2703 3022 nostrum’'
2774 2956 2952 3036 (VII.
3028 2959 3131 3022 11.
3208 2961 3311 3038 5);

758 3073 970 3138 unius
1039 3090 1128 3138 ex
1200 3074 1310 3139 his
1374 3075 1701 3155 vectigali
1776 3079 2105 3156 sumptus
2174 3075 2577 3156 penduntur
2625 3075 2691 3140 in
2744 3077 3084 3141 alimenta
3131 3077 3312 3157 inge·

758 3208 1056 3256 nuorum
1119 3192 1722 3273 ingenuarumque
1785 3194 2150 3285 municipii
2218 3194 2329 3257 sui
2392 3192 2571 3271 (VII.
2630 3195 2768 3270 18);
2820 3194 2990 3259 alibi
3036 3211 3312 3275 quoque

759 3309 1006 3373 scribit
1052 3326 1126 3374 se
1172 3310 1244 3375 in
1292 3311 1498 3376 litore
1560 3311 1755 3376 lacus
1802 3311 1987 3376 Larii
2015 3312 2277 3376 multas
2303 3312 2512 3377 villas
2537 3313 2810 3377 habere.
2838 3312 2990 3397 (IX.
3022 3314 3197 3389 7.2.).
3237 3350 3301 3358 —

852 3427 1169 3509 Apparet
1215 3446 1377 3493 eum
1421 3430 1593 3494 haec
1644 3430 1878 3495 omnia
1933 3430 2196 3495 colonis
2244 3430 2623 3509 locavisse;
2673 3431 3082 3512 saepissime
3125 3431 3315 3495 enim

758 3546 1071 3625 loquitur
1161 3547 1247 3612 de
1329 3548 1577 3612 horum
1682 3548 1983 3628 querelis
2101 3565 2276 3630 quas
2382 3548 2694 3630 accipere
2786 3549 3103 3615 debebat.
3214 3548 3314 3614 Ut

760 3664 1058 3745 legimus
1129 3665 1199 3729 in
1271 3666 1578 3747 epistula
1647 3666 1949 3746 quadam
2033 3667 2117 3730 ad
2169 3666 2536 3732 Pontium:
2595 3716 2625 3752 „
2659 3716 2672 3730 .
2704 3716 2717 3731 .
2754 3716 2812 3731 ..
2860 3667 3316 3731 circumibam

757 3783 1039 3863 ageIIOS‚
1108 3783 1477 3849 audiebam
1549 3784 1853 3849 multum
1922 3785 2352 3850 rusticarum
2436 3785 2927 3879 querellarum,
3008 3785 3317 3849 rationes

758 3901 1066 3982 legebam
1140 3900 1456 3967 invitus”
1486 3901 1558 3984 ¹).
1608 3902 1891 3968 Falconi
1942 3904 2219 3968 scribit:
2280 3904 2739 3987 „Refugeram
2784 3904 2853 3967 in
2903 3903 3185 3985 TuscOS,
3237 3906 3319 3967 ut

759 4019 996 4084 omnia
1077 4020 1164 4084 ad
1249 4021 1620 4085 arbitrium
1691 4039 1926 4086 meum
1995 4022 2337 4103 facerem;
2409 4022 2496 4086 ad
2569 4022 2696 4086 hoc
2768 4038 2855 4086 ne
2928 4021 2997 4085 in
3072 4021 3316 4085 Tuscis

760 4138 1080 4217 quidem:
1129 4140 1277 4203 tam
1328 4140 1574 4204 multis
1622 4140 1929 4220 undique
1977 4141 2403 4205 rusticorum
2444 4139 2699 4205 libellis
2730 4142 2803 4204 et
2830 4142 2979 4203 tam
3004 4138 3317 4219 querulis

759 4257 1132 4339 inquietor,
1193 4273 1368 4337 quos
1412 4257 1774 4338 aliquanto
1813 4258 2040 4338 magis
2093 4258 2365 4323 invitus
2413 4274 2623 4338 quam
2671 4274 2864 4322 meos
2911 4256 3099 4337 lego;
3151 4274 3315 4321 nam

757 4378 832 4440 et
899 4392 1092 4440 meos
1161 4372 1576 4451 invitus’'²).
1650 4375 2046 4440 Identidem
2121 4377 2396 4457 cogitur
2441 4375 2891 4440 remissiones
2940 4374 3317 4440 concedere

755 4494 1128 4559 mercedis:
1209 4543 1263 4578 „.
1296 4543 1310 4558 .
1340 4544 1353 4558 .
1385 4540 1399 4555 .
1427 4493 1803 4558 continuae
1873 4495 2299 4559 sterilitates
2363 4497 2625 4576 cogunt
2674 4511 2784 4560 me
2835 4493 2918 4558 de
2965 4493 3312 4558 remissio-

844 2008 907 2426 >¹9²9¹t>

831 4766 871 4835 ¹)
907 4766 1060 4822 Plin.
1097 4767 1282 4835 Epist.
1318 4765 1390 4822 V.
1427 4768 1511 4823 14.
1548 4766 1600 4823 8.

831 4861 873 4931 ¹)
911 4862 1063 4918 Plin.
1095 4863 1283 4932 Epist.
1319 4862 1428 4919 IX.
1467 4865 1550 4918 15.
1588 4865 1637 4918 1.
