3770 5738
2041 481 2127 546 38

804 678 1301 761 pervulgatum
1346 680 1491 760 est3
1536 678 1801 744 incolas
1847 679 2020 761 dic0,
2068 679 2186 759 qui
2232 677 2515 743 aliunde
2563 678 2700 742 orti
2744 678 3175 744 domicilium
3214 681 3358 744 tan·

803 799 960 862 tum
1031 797 1102 861 in
1171 797 1550 878 municipio
1613 797 1899 878 habent,
1947 799 2020 862 et
2069 796 2280 879 civeS,
2331 796 2447 876 qui
2496 798 2780 877 propter
2827 797 3164 878 originem
3208 798 3359 862 urbi

803 917 975 980 sunt
1042 915 1371 979 adstricti
1398 911 1466 991 1).
1540 915 1882 979 Novimus
1953 931 2041 978 ex
2089 914 2358 994 legibus
2406 914 2488 978 de
2536 914 2657 978 illa
2701 914 2964 995 origine
3014 915 3361 980 neminem

805 1033 1019 1098 eximi
1090 1050 1290 1114 posse
1318 1029 1387 1108 2).
1439 1032 1607 1097 Inde
1656 1032 1846 1096 cives
1893 1049 2393 1113 nonnunquam
2442 1032 2656 1096 etiam
2703 1032 3029 1111 orginarii
3072 1031 3183 1097 vel
3238 1032 3364 1097 ori-

806 1151 1071 1233 ginales
1119 1153 1463 1215 vocantur
1489 1145 1561 1227 3).
1612 1150 1842 1216 Etiam
1891 1150 2075 1232 apud
2124 1150 2422 1230 00101103,
2473 1152 2554 1214 01
2600 1149 2928 1231 vidimuS,
2980 1150 3063 1215 de
3102 1151 3362 1233 origine

807 1287 1047 1335 eorum
1094 1286 1302 1351 saepe
1347 1287 1574 1334 sermo
1622 1274 1754 1349 est,
1803 1269 1916 1333 cui
1962 1268 2284 1333 adstricti
2332 1285 2485 1332 esse
2537 1268 2866 1333 dicuntur
2892 1264 2960 1345 ⁴).
2991 1268 3063 1333 Si
3085 1269 3363 1350 aufuge-

807 1391 990 1468 rant,
1040 1388 1286 1468 origini
1333 1404 1502 1452 suae
1551 1386 1743 1452 reddi
1794 1386 2143 1451 debebant
2168 1382 2238 1463 ⁵).
2289 1386 2456 1450 Inde
2505 1386 2653 1450 fieri
2701 1388 2978 1466 poterat
3026 1390 3108 1451 ut
3147 1387 3363 1452 etiam

809 1506 1033 1572 coloni
1080 1506 1433 1586 originarii
1477 1504 2019 1586 appellarentur.

899 1625 994 1690 Eo
1066 1627 1399 1707 tempore,
1468 1640 1604 1705 000
1673 1613 1786 1688 101
1855 1623 1977 1687 alii
2043 1623 2320 1688 ordines
2391 1623 2590 1702 quasi
2638 1623 2914 1688 immoti
2955 1624 3125 1687 facti
3171 1626 3363 1706 sunt,

806 1743 1157 1823 originarii
1205 1743 1482 1808 nomine
1525 1759 1768 1807 omnes
1814 1741 2323 1822 indicabantur,
2358 1740 2476 1820 qui
2504 1740 2890 1806 condicioni
2915 1742 3136 1821 patris
3159 1744 3364 1807 erant

807 1862 1107 1927 obnoxii.
1155 1861 1518 1952 Interdum
1568 1860 1864 1925 curiales
1912 1860 2012 1924 ita
2037 1863 2380 1924 vocantur
2407 1855 2478 1940 ⁶),
2502 1859 2811 1938 itemque
2852 1859 3268 1924 navicularii
3293 1856 3364 1941 ⁷),

806 1980 925 2045 sed
999 1980 1339 2061 imprimis
1408 1996 1552 2044 vox
1623 1982 1966 2060 usurpata
2016 1982 2127 2043 est
2173 1995 2294 2058 pro
2342 1978 2589 2042 colonis
2635 1977 3025 2057 originariis
3070 1978 3185 2042 vel
3237 1978 3363 2043 ori-

805 2098 1174 2178 ginalibuS,
1227 2097 1787 2178 quandoquidem
1827 2096 2097 2160 scilicet
2136 2096 2448 2160 omnium
2469 2095 2927 2159 obnoxiorum
2954 2094 3025 2158 hi
3049 2095 3362 2177 frequen-

804 2216 1061 2281 tissimi
1110 2216 1474 2281 extabant.

898 2334 1212 2416 Apparet
1267 2335 1484 2413 igitur
1526 2333 1879 2414 originarii
1927 2349 2178 2398 nomen
2226 2349 2360 2396 non
2413 2331 2497 2396 de
2552 2347 2803 2411 genere
2850 2331 3149 2412 quodam
3190 2333 3364 2399 colo·

808 2470 1059 2518 norum
1126 2455 1408 2517 tantum
1463 2453 1719 2533 valere,
1768 2452 1888 2515 sed
1936 2451 2020 2515 de
2069 2451 2391 2515 omnibus
2438 2454 2789 2531 quatenus
2835 2453 3006 2515 sunt
3052 2450 3198 2516 solo
3253 2452 3365 2517 ad·

807 2571 1041 2636 stricti
1066 2566 1136 2647 ⁸).
1186 2571 1267 2635 In
1315 2571 1584 2651 legibus
1610 2587 1957 2651 nusquam
1985 2569 2396 2651 cujusquam
2425 2569 2846 2634 discriminis
2870 2570 3055 2634 inter
3081 2570 3365 2636 colonos

878 2841 917 2910 ¹)
974 2840 1190 2896 Kome.
1261 2839 1367 2896 Die
1433 2840 1768 2896 stadtische
1821 2840 1947 2897 und
2004 2840 2379 2910 burgerliche
2433 2838 2806 2908 Verfassung
2860 2839 2965 2896 des
3021 2840 3363 2897 romischen

805 2929 1038 2999 ReichS,
1075 2929 1122 2984 Ι.
1156 2944 1211 2997 p.
1250 2929 1403 2983 1-7.
1440 2929 1547 2984 Die
1583 2928 2374 2998 Gemeindeangehorigheit
2408 2929 2502 2984 bei
2541 2929 2655 2983 den
2695 2929 2973 2984 Romern.

875 3019 918 3085 ²)
960 3017 1020 3072 L.
1056 3019 1108 3072 4.
1145 3016 1203 3073 C.
1239 3015 1294 3071 J.
1330 3015 1406 3072 X.
1439 3017 1524 3072 39.
1561 3017 1803 3086 Origine
1838 3018 2077 3086 propria
2113 3017 2420 3072 neminem
2456 3031 2630 3086 posse
2666 3016 2985 3072 voluntate
3021 3031 3133 3072 sua
3169 3017 3361 3073 eximi

802 3103 1198 3160 manifestum
1235 3106 1349 3160 est.

872 3191 912 3259 ³)
972 3192 1031 3247 C.
1084 3191 1138 3247 J.
1188 3191 1264 3246 X.
1299 3192 1384 3246 39.
1420 3191 1670 3246 titulum
1707 3191 1916 3246 habet:
1956 3191 2040 3245 De
2077 3192 2480 3259 municipibus
2515 3192 2579 3246 et
2612 3191 2948 3259 originariis
2960 3207 2975 3261 ;
3013 3191 3076 3246 L.
3111 3192 3164 3246 4.
3202 3190 3266 3246 O.
3303 3190 3362 3247 J.

802 3279 879 3334 X.
914 3279 1001 3334 40.
1040 3278 1189 3334 Cum
1225 3293 1420 3347 neque
1456 3279 1774 3346 originales
1812 3293 2007 3347 neque
2043 3278 2268 3334 incolas
2306 3293 2412 3334 vos
2447 3292 2578 3333 esse
2613 3278 3034 3334 memoratis..
3055 3319 3101 3333 ..

869 3366 912 3430 ⁴)
940 3365 1052 3421 Jus
1088 3366 1418 3434 colonatus,
1456 3380 1573 3434 quo
1611 3367 1711 3434 qui
1751 3366 1804 3420 ei
1844 3366 2089 3421 obnoxii
2127 3367 2318 3430 erant,
2340 3366 2514 3421 vetiti
2534 3367 2683 3420 sunt
2704 3366 2997 3434 originem
3018 3365 3359 3432 relinquere

800 3453 1021 3521 itaque,
1059 3455 1110 3508 si
1149 3454 1222 3508 ad
1257 3452 1509 3508 formam
1549 3454 1803 3522 spectas,
1834 3454 2005 3521 quasi
2042 3453 2427 3522 amplificatio
2448 3453 2717 3521 putanda
2738 3453 2832 3507 est
2858 3452 3022 3507 illius
3040 3453 3361 3523 praecept-i,

802 3541 959 3609 quod
996 3541 1243 3596 exhibet
1282 3541 1343 3595 L.
1380 3542 1430 3594 4.
1469 3540 1526 3596 C.
1563 3540 1615 3596 J.
1654 3541 1731 3596 X.
1767 3541 1851 3596 39.

871 3628 913 3693 ⁸)
953 3627 1013 3682 L.
1053 3629 1101 3683 1.
1138 3627 1195 3683 C.
1235 3627 1340 3682 Th.
1362 3627 1431 3682 V.
1466 3629 1518 3682 9.
1556 3629 1732 3697 Apud
1771 3641 2212 3697 quemcumque
2249 3628 2496 3682 colonus
2525 3628 2682 3695 juris
2718 3626 2895 3682 alieni
2933 3625 3115 3682 fuerit
3151 3627 3359 3683 inven-

800 3715 921 3781 tus,
958 3714 1012 3768 is
1046 3728 1170 3769 non
1205 3714 1402 3769 solum
1439 3715 1709 3769 eundum
1746 3714 1963 3783 oriyini
1996 3729 2133 3769 suae
2167 3715 2474 3782 restituat,
2510 3728 2721 3768 verum
2761 3756 2774 3768 .
2812 3754 2825 3768 .
2863 3755 2875 3768 .
2915 3754 2928 3767 .
2967 3711 3048 3768 Cf.
3083 3713 3144 3768 L.
3183 3713 3288 3781 1.§
3310 3714 3360 3768 1.

801 3800 858 3855 C.
898 3800 1006 3856 Th.
1043 3800 1114 3857 V.
1150 3801 1233 3856 10.
1292 3843 1304 3856 .
1344 3842 1357 3856 .
1394 3843 1405 3856 .
1446 3842 1458 3856 .
1498 3801 1612 3856 loco
1649 3802 1741 3857 cui
1776 3805 1952 3858 nat-us
1986 3805 2064 3857 est
2103 3843 2116 3856 .
2155 3843 2166 3856 .
2207 3843 2220 3857 .
2262 3843 2273 3855 .
2303 3802 2589 3870 jubemus
2626 3801 2895 3869 restitui;
2932 3802 2995 3855 et
3032 3800 3095 3856 L.
3130 3802 3180 3856 4.
3218 3800 3278 3856 Ο.
3305 3801 3363 3856 J.

800 3887 910 3944 XI.
959 3888 1046 3943 68.
1098 3889 1189 3943 Ex
1243 3889 1507 3957 ingenuo
1561 3892 1624 3944 et
1677 3890 1905 3945 colonis
1959 3888 2310 3957 ancillisque
2358 3888 2585 3944 nostris
2622 3890 2799 3943 natos
2835 3888 3086 3943 natasve
3121 3887 3361 3957 origini,

799 3990 866 4031 ex
899 3990 1019 4045 qua
1054 3977 1281 4030 matres
1316 3990 1523 4031 eorum
1562 3979 1726 4039 sunt,
1761 3975 1943 4032 facies
1978 3976 2269 4045 deputari.

871 4063 910 4127 ⁰)
966 4062 1029 4116 L.
1062 4063 1148 4117 96.
1184 4065 1214 4132 ξ
1251 4064 1300 4117 1.
1337 4061 1396 4117 C.
1436 4062 1542 4118 Th.
1579 4062 1719 4118 XII.
1758 4065 1806 4118 1.
1861 4064 1934 4118 In
1985 4078 2243 4131 quorum
2299 4062 2590 4118 desiderio
2627 4062 2812 4117 etiam
2848 4061 3014 4116 istud
3050 4061 3359 4129 adjectum

799 4151 912 4218 est,
950 4151 1019 4203 ut
1057 4150 1395 4218 originales,
1432 4150 1537 4219 qui
1574 4150 1648 4205 ad
1688 4151 1925 4206 diversa
1961 4151 2404 4219 provinciarum
2442 4149 2634 4205 officia
2670 4148 3072 4217 confugerunt
3107 4162 3186 4203 ex
3228 4147 3357 4203 divi

797 4236 1024 4291 Juliani
1064 4238 1351 4305 tempore,
1388 4238 1462 4291 ad
1500 4236 1753 4292 curiales
1789 4237 2132 4293 functiones
2168 4237 2408 4292 sublata
2443 4237 2607 4292 omni
2631 4236 3031 4304 ambiguitate
3050 4235 3358 4291 retrahan-

800 4325 918 4379 tur.
962 4353 1013 4362 -
1060 4324 1121 4378 L.
1145 4324 1243 4387 50.
1280 4323 1339 4379 C.
1374 4323 1427 4379 J.
1464 4324 1541 4380 X.
1576 4323 1661 4380 32.
1697 4325 1910 4380 Omnes
1945 4324 2191 4380 omnino
2228 4324 2481 4379 curiales
2517 4325 2581 4378 in
2619 4322 3011 4391 originalibus
3041 4337 3109 4378 ac
3134 4322 3360 4377 debitis

796 4411 1086 4479 perpetuo
1123 4411 1309 4466 curiis
1343 4412 1747 4480 perseverent.

866 4497 907 4568 ⁷)
946 4497 1008 4552 L.
1051 4499 1099 4553 1.
1138 4497 1196 4553 C.
1234 4497 1339 4552 Th.
1376 4498 1546 4554 XIII.
1583 4500 1633 4553 5.
1690 4498 1751 4554 Si
1809 4498 2219 4553 navicularius
2272 4497 2578 4567 originalis
2629 4496 3104 4552 levamentarius
3153 4493 3359 4560 fuerit,

795 4584 1193 4639 nihilominus
1242 4585 1400 4654 apud
1436 4585 1696 4654 eosdem,
1729 4585 1889 4655 apud
1927 4600 2075 4654 quos
2114 4589 2177 4640 et
2215 4586 2347 4654 ejus
2383 4586 2665 4654 parentes
2699 4583 2885 4639 fuisse
2924 4583 3226 4649 videntur,
3263 4582 3358 4636 fir·

796 4672 976 4725 miter
1011 4673 1402 4740 permanebit.

864 4758 904 4821 ⁸)
944 4757 1145 4813 Minus
1195 4759 1363 4827 juste
1422 4760 1611 4827 igitur
1673 4761 2000 4815 Scrxun'rms
2061 4761 2304 4827 scripsit
2358 4759 2495 4824 (Der
2549 4759 2716 4813 Rom.
2769 4756 3046 4812 Kolonat.
3102 4755 3358 4811 Histori-

793 4845 935 4900 sche
1008 4846 1353 4902 Zeitschrift
1411 4848 1495 4902 78.
1547 4847 1725 4912 (1897)
1780 4863 1835 4916 p.
1894 4848 2005 4913 13):
2061 4848 2379 4915 originarii
2435 4846 2572 4901 sind
2627 4845 2891 4901 offenbar
2944 4845 3037 4899 die
3073 4843 3201 4899 -auf
3249 4844 3358 4898 der
