3770 5738
1994 502 2135 566 148

786 700 900 764 vel
971 699 1311 780 inquilino
1383 698 1774 780 relinquere
1824 699 2382 783 conductionem,
2433 700 2627 765 nulla
2677 700 3025 766 dubitatio
3073 701 3225 766 est''
3254 696 3341 784 ¹);

783 818 1055 884 scilicet
1125 818 1552 899 praestituto
1626 821 1941 900 tempore
2013 818 2250 884 finito:
2330 820 2430 904 „si
2503 819 2751 885 domus
2800 819 2911 885 vel
2957 819 3221 884 fundus
3268 820 3340 884 in

782 936 1337 1017 quinquennium
1386 936 1838 1017 pensionibus
1885 936 2160 1001 locatus
2201 937 2317 1015 sit,
2368 940 2604 1018 potest
2654 937 2998 1019 dominuS,
3048 939 3107 1002 si
3157 937 3343 1002 dese·

784 1054 1005 1119 ruerit
1076 1055 1584 1119 habitationem
1626 1055 1738 1119 vel
1789 1053 1986 1119 fundi
2036 1055 2388 1119 culturam
2438 1054 2728 1119 colonus
2777 1056 2887 1121 vel
2934 1054 3341 1138 inquilinus,

783 1190 941 1237 cum
1013 1173 1113 1238 eis
1182 1173 1430 1237 statim
1498 1173 1746 1254 agere’'
1775 1169 1849 1255 2).
1948 1172 2181 1237 Etiam
2252 1175 2465 1238 antea
2529 1174 2763 1238 conati
2811 1175 3087 1255 quidem
3138 1176 3342 1238 erant

783 1309 1239 1373 possessoreS,
1323 1294 1638 1373 tempore
1710 1292 1925 1356 etiam
1989 1291 2210 1372 finito,
2282 1291 2564 1356 colonos
2635 1308 2801 1356 suos
2871 1291 2942 1355 vi
3015 1292 3339 1374 retinere,

777 1410 900 1474 sed
951 1414 1103 1474 tum
1150 1411 1300 1491 lege
1349 1409 1557 1474 claris
1606 1409 1841 1474 verbis
1866 1412 2020 1474 erat
2047 1410 2390 1474 vetitum:
2426 1409 2639 1492 „Cum
2664 1410 3240 1491 quinquennium,
3268 1411 3338 1474 in

780 1543 915 1607 quo
961 1528 1118 1609 quis
1164 1545 1285 1609 pro
1332 1528 1612 1609 publico
1660 1528 2083 1593 conductore
2132 1544 2207 1592 se
2234 1527 2594 1609 obligavit,
2623 1527 2951 1608 excessit,
2978 1528 3339 1608 sequentis

780 1646 1119 1726 temporis
1189 1646 1470 1711 nomine
1540 1662 1677 1710 non
1750 1649 2064 1726 tenetur;
2129 1644 2336 1726 idque
2392 1645 2900 1727 principalibus
2949 1645 3339 1727 Rescriptis

781 1764 1218 1844 exprimitur.
1290 1763 1512 1828 Divus
1584 1764 1799 1828 etiam
1868 1763 2273 1828 Hadrianus
2332 1764 2401 1828 in
2452 1765 2623 1829 haec
2672 1765 2887 1828 verba
2933 1764 3336 1845 rescripsit:

657 1895 664 1902 ·
780 1879 1004 1947 Valde
1073 1881 1501 1947 inhumanus
1571 1898 1722 1946 mos
1793 1884 1904 1946 est
1974 1882 2133 1962 iste,
2204 1899 2339 1962 quo
2410 1882 2808 1947 retinentur
2878 1882 3339 1947 conductores

777 2000 1231 2081 vectigalium
1280 2000 1716 2082 publicorum
1764 2003 1837 2064 et
1885 2017 2231 2081 agrorum,
2281 2001 2340 2064 si
2391 2001 2740 2065 tantidem
2788 2000 2999 2065 locari
3026 2017 3162 2064 non
3188 2017 3338 2080 pos·

776 2120 958 2200 sint3
1032 2137 1194 2184 nam
1242 2122 1315 2185 et
1361 2119 1638 2184 facilius
1685 2120 2140 2184 invenientur
2189 2119 2671 2200 conductores,
2721 2119 2782 2184 si
2832 2119 3120 2184 scierint
3166 2119 3332 2200 fore,

778 2240 881 2319 ut,
930 2239 991 2303 si
1039 2240 1321 2319 peracto
1369 2238 1595 2302 lustro
1646 2237 2001 2302 discedere
2034 2236 2412 2319 voluerint,
2442 2255 2576 2302 non
2604 2236 3027 2303 teneantur''
3056 2232 3129 2321 3).
3184 2237 3333 2303 Hoc

777 2356 1124 2420 monitum
1171 2358 1432 2439 autem,
1482 2356 1662 2435 quod
1711 2356 2011 2421 dabatur
2050 2355 2253 2421 initio
2300 2356 2565 2421 saeculi
2591 2355 2881 2420 secundi
2907 2354 3333 2433 (Hadrianus

775 2475 1114 2554 regnabat
1155 2475 1275 2539 117
1286 2475 1533 2551 -138)
1560 2491 1809 2556 parum
1834 2473 2202 2556 profuisse,
2229 2475 2440 2538 immo
2467 2474 2824 2540 libidinem
2850 2489 3331 2556 possessorum

774 2592 1050 2674 longius
1096 2593 1542 2674 processisse,
1591 2595 1887 2674 apparet
1932 2609 2019 2678 ex
2068 2593 2326 2658 iterato
2376 2592 2753 2658 interdicto
2795 2593 3096 2675 Philippi
3123 2593 3330 2673 impe·

774 2711 1030 2775 ratoris
1105 2716 1312 2788 (anno
1392 2712 1583 2787 247);
1670 2711 1978 2795 „invitos
2048 2710 2508 2776 conductores
2576 2729 2693 2776 seu
2760 2712 3030 2778 heredes
3100 2729 3326 2776 eorum

779 2831 942 2912 post
995 2831 1314 2911 tempora
1362 2828 1727 2894 locationis
1775 2829 2068 2912 impleta
2113 2846 2250 2895 non
2300 2846 2454 2896 esse
2501 2830 2906 2897 retinendos
2952 2849 3147 2914 saepe
3193 2847 3330 2895 res·

777 2950 1079 3031 criptum
1128 2950 1282 3014 est'’
1312 2945 1380 3026 ⁴).

867 3066 1126 3132 Contra
1194 3068 1354 3132 inde
1401 3069 1488 3132 ab
1536 3085 1717 3132 anno
1766 3067 1898 3131 332
1947 3068 2136 3149 leges
2183 3067 2713 3132 adhaerentiam
2760 3070 3202 3148 agnoverunt
3253 3070 3327 3132 et

773 3189 1185 3268 sanxerunt,
1234 3188 1307 3250 et
1350 3186 1454 3250 ita
1501 3185 1571 3267 ii,
1621 3186 1739 3267 qui
1795 3184 2319 3270 „oeconomice”
2362 3184 2512 3266 jam
2537 3186 2821 3250 obnoxii
2860 3188 3083 3267 erant,
3112 3187 3328 3250 etiam

780 3303 1145 3388 „politice”
1233 3304 1499 3368 subditi
1581 3303 1754 3368 facti
1839 3307 2011 3369 sunt
2038 3301 2109 3380 ⁵).
2205 3305 2440 3385 Atque
2520 3303 2841 3384 neglecta
2910 3304 3127 3369 etiam
3198 3304 3326 3368 hac

772 3422 1202 3504 quaestione,
1268 3439 1438 3485 num
1486 3438 1568 3486 ea
1615 3439 1728 3487 res
1774 3421 2082 3503 aliquem
2129 3422 2461 3487 effectum
2509 3421 2808 3487 ediderit
2855 3422 2927 3486 in
2974 3421 3129 3503 ipsa
3175 3438 3326 3486 con·

770 3540 1042 3606 dicione
1089 3539 1513 3619 colonorum,
1562 3556 1651 3605 ex
1699 3541 1850 3621 ipso
1896 3540 2084 3606 facto
2143 3540 2325 3621 quod
2374 3540 2722 3622 pertinaci
2776 3540 3011 3605 studio
3062 3556 3327 3621 posses·

769 3676 1006 3724 sorum
1076 3675 1198 3739 per
1262 3658 1490 3722 multa
1558 3658 1836 3723 saecula
1881 3658 2147 3724 frustra
2193 3658 2382 3739 leges
2428 3660 3023 3739 repugnaverunt,
3075 3658 3324 3723 deinde

769 3778 858 3843 ad
930 3777 1264 3843 ultimum
1330 3777 1789 3859 imperatores
1858 3777 1922 3842 ei
1994 3780 2518 3858 concesserunt,
2591 3780 2784 3842 certo
2834 3776 3099 3842 certius
3153 3775 3325 3841 effici

770 3898 1007 3979 potest
1052 3895 1381 3976 aequales
1427 3895 1595 3960 talis
1644 3896 2218 3960 commutationis
2265 3895 2580 3961 conscios
2629 3895 2872 3959 fuisse.

861 4014 933 4080 Si
1001 4014 1348 4095 inquirere
1397 4014 1725 4079 volumus
1773 4031 1948 4095 quas
1996 4014 2080 4079 ob
2129 4031 2378 4079 causas
2423 4013 2961 4094 imperatoribus
3014 4011 3323 4093 optabile

866 4254 981 4329 )L.
1018 4254 1101 4308 25.
1138 4253 1266 4322 Dig.
1303 4252 1473 4307 XIX.
1510 4254 1558 4307 2.

863 4320 979 4405 )L.
1016 4341 1101 4394 24.
1136 4341 1170 4407 g
1207 4342 1255 4395 2.
1294 4340 1423 4408 Dig.
1460 4339 1630 4395 XIX.
1666 4341 1716 4395 2.

838 4428 879 4498 ⁸)
917 4429 980 4483 L.
1016 4428 1069 4482 3.
1104 4429 1138 4495 ἓ
1172 4428 1226 4483 6.
1261 4427 1389 4496 Dig.
1425 4427 1521 4483 IL.
1561 4429 1645 4482 14.

835 4517 877 4582 ⁴)
914 4516 980 4570 L.
1013 4516 1095 4570 11.
1135 4514 1194 4570 C.
1230 4514 1285 4569 J.
1320 4513 1422 4569 IV.
1461 4515 1546 4569 65.

837 4603 874 4664 ι)
912 4603 1024 4658 His
1076 4602 1255 4658 annis
1305 4602 1506 4670 igitur,
1555 4615 1607 4656 a.
1643 4600 1763 4670 247,
1801 4614 1945 4656 cum
1982 4614 2355 4670 possessores
2391 4600 2589 4656 adhuc
2628 4600 2802 4656 vetiti
2839 4600 3045 4655 essent
3083 4599 3323 4655 colonos

763 4689 986 4744 invitos
1039 4690 1315 4745 retinere.
1370 4690 1434 4744 et
1485 4703 1536 4743 a.
1584 4689 1704 4755 332,
1742 4702 1882 4743 cum
1918 4688 2019 4743 lex
2051 4689 2293 4756 juberet
2327 4688 2570 4743 colonos
2607 4687 2891 4756 fugitivos
2929 4687 3139 4756 origini
3174 4701 3322 4742 suae

762 4777 1097 4846 restituere,
1134 4776 1219 4844 (L.
1257 4777 1306 4831 1.
1344 4775 1403 4831 C.
1440 4774 1546 4830 Th.
1583 4774 1655 4830 V.
1689 4776 1764 4841 9.)
1800 4775 2097 4830 habemus
2135 4776 2292 4844 quod
2330 4775 2503 4830 hodie
2540 4775 2796 4830 dicimus
2827 4775 3157 4830 terminum
3184 4775 3323 4842 post

763 4877 960 4934 quem,
1017 4865 1081 4919 et
1133 4864 1463 4918 terminum
1517 4865 1660 4918 ante
1711 4876 1909 4931 quem.
1962 4862 2035 4917 In
2073 4863 2184 4918 hoc
2221 4862 2537 4918 intervallo
2574 4863 2863 4931 temporis
2897 4863 3057 4917 certo
3095 4860 3318 4917 certius
