3770 5738
1927 466 1947 489 ·
2015 463 2101 527 26

774 658 858 721 ut
926 657 990 722 ei
1066 657 1186 739 qui
1260 658 1735 724 condicionem
1807 677 2009 725 suam
2081 662 2603 744 adscripticiam
2677 666 3048 731 ostendere
3097 666 3330 749 vellet,

773 770 997 857 ‘neque
1070 776 1220 841 sola
1297 776 1641 844 confessio
1689 796 1914 861 neque
1963 780 2107 845 ulla
2155 781 2527 864 scriptura,
2577 783 2806 863 qualis
2854 786 2967 849 est
3014 784 3334 851 chartula

773 893 1349 977 conductionaliS,
1421 911 1546 978 per
1634 912 1709 962 se
1775 898 2146 980 sufficeret,
2210 899 2332 964 sed
2396 900 2656 965 talibus
2712 901 2850 966 alia
2915 902 3331 969 documenta

771 1010 1033 1077 auxilio
1080 1029 1231 1078 esse
1281 1013 1636 1097 deberent,
1685 1007 2010 1096 quorum‘
2031 1020 2185 1082 erat
2230 1017 2488 1099 publici
2539 1036 2791 1084 census
2839 1002 3218 1104 adscriptio
3246 1016 3330 1104 ¹);

754 1146 908 1210 ,quo
969 1131 1327 1212 postulato
1373 1131 1642 1199 scilicet
1684 1134 1901 1200 etiam
1948 1135 2459 1217 impediebatur
2502 1137 2877 1217 quominus
2923 1139 3330 1221 obsequium
3366 1204 3374 1215 ,

771 1263 895 1330 per
946 1249 1091 1313 vim
1140 1248 1663 1331 efflagitaretur.
2179 1312 2189 1321 .
3115 1336 3126 1347 ,

864 1366 925 1431 3.
997 1366 1341 1433 Deditione
1373 1370 1668 1450 poenali.
1719 1369 2015 1435 Mendici
2068 1388 2242 1453 quos
2284 1371 2586 1452 juvenes
2632 1372 2861 1438 adhuc
2907 1376 3120 1455 atque
3169 1374 3331 1440 vali·

771 1483 896 1550 dos
964 1501 1118 1550 esse
1191 1489 1625 1569 compertum
1697 1491 1871 1569 erat,
1943 1489 2291 1570 siquidem
2352 1490 2637 1570 ingenui
2692 1493 2915 1572 erant,
2970 1494 3333 1572 tamquam

771 1603 995 1668 coloni
1052 1603 1153 1668 ·iis
1221 1603 1809 1686 adjudicabantur
1879 1606 1998 1688 qui
2046 1624 2164 1673 eos
2212 1607 2638 1689 detulerant,
2688 1625 2772 1674 ea
2815 1612 3058 1676 autem
3105 1610 3333 1676 condi-

772 1721 990 1803 cione,
1062 1724 1163 1804 ut,
1235 1723 1296 1787 si
1365 1725 1736 1804 appareret
1782 1740 1902 1789 eos
1949 1724 2290 1805 fugitivos
2337 1743 2513 1808 esse,
2560 1727 2850 1808 antiquo
2899 1727 3177 1794 domino
3215 1728 3336 1809 jus

770 1839 1126 1920 integrum
1174 1812 1517 1906 maneret'
1540 1858 1660 1907 eos
1709 1841 2127 1923 deposcendi
2153 1839 2224 1920 ²).

864 1956 926 2021 4.
984 1957 1288 2024 Gonubiis
1333 1959 1755 2042 quibusdam.
1805 1959 2324 2041 Nonnunquam
2372 1962 2631 2027 accidit
2680 1965 2762 2027 ut
2791 1963 3107 2029 advenae
3132 1964 3336 2045 egeni

772 2093 944 2157 quos
1037 2076 1511 2143 misericordia
1603 2080 1998 2145 commotus
2090 2078 2345 2161 aliquis
2415 2084 2846 2165 susceperat,
2915 2082 3099 2164 apud
3172 2100 3335 2148 eum

776 2211 1069 2260 uxorem
1117 2195 1455 2262 ducerent
1502 2213 1713 2277 quam
1759 2200 2002 2263 autem
2051 2198 2454 2264 desererent
2504 2216 2720 2281 quum
2766 2200 3013 2266 satiati
3057 2204 3334 2282 essent;

839 2469 879 2537 ¹)
934 2468 995 2524 L.
1060 2468 1145 2523 22.
1206 2470 1278 2537 ἐξ
1335 2470 1383 2537 1,
1419 2469 1469 2525 2.
1507 2468 1566 2525 C.
1603 2469 1657 2525 J.
1693 2470 1804 2526 XI.
1840 2471 1928 2526 48.
1965 2469 2116 2526 Cum
2152 2472 2379 2527 scimus
2416 2474 2622 2527 nostro
2652 2472 2789 2540 jure
2827 2471 3066 2528 nullum
3101 2474 3333 2543 praeju-

773 2556 996 2612 dicium
1044 2555 1315 2624 generari
1352 2557 1591 2613 cuidam
1629 2557 1786 2614 circa
1820 2558 2235 2614 condicionem
2272 2572 2466 2627 neque
2503 2572 2581 2613 ex
2622 2558 3099 2615 confessionibus
3136 2574 3336 2630 neque

765 2658 842 2699 ex
880 2644 1194 2712 scriptura,
1229 2644 1346 2699 nisi
1384 2644 1568 2700 etiam
1604 2659 1681 2700 ex
1721 2645 1853 2701 aliis
1889 2646 2263 2715 argumentis
2282 2646 2503 2714 aliquid
2526 2646 3334 2718 accesseritincrementum,

770 2731 1081 2787 sancimus
1129 2731 1319 2787 solam
1373 2731 1839 2788 conductionem
1877 2733 1970 2788 vel
2010 2732 2188 2788 aliam
2226 2747 2671 2802 quamcumque
2710 2733 3070 2803 scripturam
3107 2734 3182 2790 ad
3218 2734 3336 2792 hoc

765 2819 1014 2874 minime
1050 2818 1322 2875 sufficere
1361 2832 1470 2875 nec
1505 2819 1951 2889 adscripticiam
1988 2820 2401 2878 condicionem
2440 2819 2676 2891 inferre,
2714 2820 2820 2876 sed
2857 2820 3069 2877 debere
3126 2822 3335 2892 hujus·

765 2907 927 2963 modi
952 2906 1282 2976 scripturae
1318 2907 1541 2976 aliquid
1577 2908 1857 2963 advenire
1888 2908 2272 2978 affiutorium,
2310 2910 2612 2977 quatenus
2650 2909 2744 2965 vel
2777 2923 2854 2964 ex
2872 2910 3093 2979 publici
3114 2925 3337 2967 census

763 2993 1160 3062 adscriptione
1196 2993 1292 3049 vel
1327 3008 1405 3049 ex
1441 2994 1574 3050 aliis
1608 2994 1896 3063 legitimis
1931 2995 2125 3050 modis
2161 2995 2300 3051 talis
2323 2996 2619 3065 scriptura
2637 2996 2971 3065 affiuvetur.
2994 2999 3027 3065 ἓ
3049 2998 3097 3053 1.
3120 2997 3338 3054 Melius

765 3080 926 3136 enim
987 3082 1082 3135 est
1133 3081 1196 3136 in
1256 3081 1605 3149 hujusmodi
1660 3082 2127 3139 difficultatibus
2181 3097 2258 3137 ex
2311 3084 2582 3152 pluribus
2630 3084 2909 3152 capitulis
2945 3085 3331 3141 condiciones

762 3167 996 3222 ostendi
1054 3169 1119 3222 et
1170 3182 1290 3223 non
1328 3168 1471 3223 solis
1509 3168 1989 3225 confessionibus
2026 3184 2221 3239 neque
2257 3170 2571 3239 scripturis
2607 3170 2884 3226 homines
2919 3170 3070 3227 forte
3106 3171 3329 3229 liberos

762 3253 837 3309 ad
872 3254 1226 3309 deteriorem
1263 3254 1496 3310 detrahi
1516 3255 1839 3311 fortunam.
1857 3258 1893 3323 ἓ
1912 3257 1961 3311 2.
1985 3257 2090 3312 Sin
2110 3264 2314 3312 autem
2335 3258 2397 3312 et
2414 3258 2714 3326 scriptura
2732 3259 2794 3313 et
2811 3259 2950 3327 post
2968 3258 3334 3328 scripturam

763 3340 1054 3396 confessio
1090 3357 1197 3397 seu
1235 3341 1543 3411 depositio,
1580 3343 1710 3397 sine
1749 3343 1807 3397 vi
1846 3345 1910 3398 et
1931 3343 2291 3399 necessitate
2310 3344 2948 3412 tamen,intervenerit
2965 3345 3130 3414 (quid
3151 3346 3339 3415 enim,

762 3428 813 3483 si
849 3428 1032 3483 etiam
1053 3428 1510 3484 conductionale
1531 3430 2017 3485 instrumentum
2038 3430 2133 3485 vel
2154 3430 2331 3486 aliam
2361 3430 2717 3500 chartulam,
2742 3431 2800 3486 in
2828 3445 2947 3499 qua
2964 3432 3339 3504 subscripsit,

760 3515 1071 3571 intimavit
1105 3517 1168 3570 et
1202 3516 1500 3571 interacta
1537 3516 1813 3585 deposuit
1849 3530 1982 3572 sese
2020 3517 2301 3573 colonum
2338 3517 2524 3573 fuisse
2544 3517 2973 3587 adscripticum
2989 3520 3058 3588 ?),
3087 3521 3236 3575 tunc
3256 3535 3338 3576 ex

763 3604 1019 3672 utroque
1077 3617 1293 3672 genere
1354 3603 1751 3673 obligationis,
1808 3604 1868 3659 id
1924 3605 2017 3659 est
2058 3606 2184 3660 tam
2221 3605 2554 3674 scripturae
2591 3620 2773 3674 quam
2810 3605 3202 3662 confessionis
3240 3608 3335 3663 vel

763 3689 1171 3759 depositionis,
1224 3691 1409 3746 talem
1467 3705 1607 3746 eum
1648 3704 1788 3746 esse
1825 3691 2212 3762 credendum,
2248 3690 2489 3761 qualem
2526 3693 2590 3748 et
2622 3692 2872 3762 scripsit
2899 3694 2963 3750 et
2996 3693 3158 3749 inter
3195 3695 3335 3750 acta

762 3777 1063 3846 deposuit.
1428 3834 1431 3837 ,

833 3865 873 3934 ²)
912 3865 974 3921 L.
1013 3866 1061 3920 1.
1098 3863 1156 3920 0.
1193 3864 1249 3920 J.
1286 3864 1395 3920 XI.
1431 3865 1518 3920 26.
1554 3863 1804 3920 Cunctis
1839 3864 2106 3932 adfatim,
2144 3880 2295 3934 quos
2331 3865 2394 3921 in
2431 3866 2740 3936 publicum
2760 3868 3082 3935 quaestum
3102 3867 3339 3924 incerta

762 3951 1120 4007 mendicitas
1174 3952 1425 4022 vocabit,
1462 3952 1752 4020 inspectis
1788 3952 2137 4021 exploretur
2171 3953 2233 4007 in
2271 3953 2529 4022 singulis
2564 3955 2627 4008 et
2662 3954 2980 4022 integritas
3017 3968 3337 4024 corporum

762 4041 826 4094 et
880 4039 1062 4094 robur
1114 4053 1430 4108 annorum,
1486 4041 1667 4108 atque
1724 4039 2021 4094 inertibus
2074 4041 2137 4094 et
2188 4040 2412 4108 absque
2460 4039 2585 4095 ulla
2632 4040 2938 4097 debilitate
2975 4041 3339 4099 miserandis

762 4126 1092 4181 necessitas
1143 4125 1453 4195 inferatur,
1511 4126 1583 4181 ut
1615 4140 1824 4181 eorum
1861 4126 2123 4195 quidem,
2160 4140 2312 4195 quos
2349 4128 2520 4182 tenet
2554 4127 2822 4184 condicio
2858 4127 3108 4198 servilis,
3144 4129 3336 4199 prodi·

760 4214 854 4268 tor
890 4213 1200 4268 studiosus
1235 4215 1297 4268 et
1332 4213 1586 4281 diligens
1619 4213 1955 4268 dominium
1993 4215 2413 4284 consequatur,
2450 4228 2659 4270 eorum
2679 4229 2838 4284 vem,
2862 4229 3013 4284 quos
3032 4215 3328 4271 natalium

760 4300 889 4355 sola
940 4286 1184 4355 libertas
1236 4302 1652 4369 prosequatur,
1682 4300 1969 4376 ‘colonatu
2008 4301 2295 4369 perpetuo
2331 4299 2635 4371 fulciatur,
2671 4302 2944 4371 quisquis
2979 4303 3335 4371 huiusmodi

760 4385 1160 4443 lenitudinem
1203 4387 1526 4456 prodiderit
1563 4402 1632 4443 ac
1666 4387 2032 4456 probaverit3
2069 4388 2236 4443 salva
2272 4388 2531 4444 dominis
2565 4390 2801 4445 actione
2839 4391 2901 4445 in
2938 4404 3057 4458 eos,
3094 4390 3197 4459 qui
3232 4390 3334 4445 vel

756 4472 1048 4528 latebram
1087 4473 1240 4530 forte
1276 4473 1551 4543 fugitivis
1588 4474 1682 4530 vel
1718 4474 2128 4530 mendicitatis
2154 4475 2505 4531 subeundae
2537 4476 2859 4532 consilium
2878 4477 3334 4547 praestiterunt.

767 4589 819 4599 -
864 4559 1128 4616 conferri
1162 4563 1362 4629 potest
1395 4561 1499 4617 illa
1536 4561 2160 4632 „Blutgesetzgebung
2195 4562 2383 4619 wider
2418 4562 2893 4633 Vagabondage”
2930 4564 2992 4620 in
3014 4564 3334 4620 Britannia

760 4646 881 4702 flue
934 4661 1090 4703 saec.
1147 4639 1301 4703 XVi.
1354 4649 1417 4704 et
1452 4662 1606 4704 saec.
1642 4639 2064 4704 XVIi.'Primo
2100 4664 2259 4705 anno
2297 4650 2467 4719 regni
2503 4650 2762 4705 Eduardi
2797 4649 2882 4705 VI
2919 4651 3098 4719 (1547)
3138 4653 3329 4708 statu·

761 4733 896 4788 tum
931 4734 1234 4802 quoddam
1263 4735 1454 4803 jubet,
1491 4735 1543 4790 si
1580 4734 1714 4804 quis
1750 4737 1990 4791 recusat
2024 4736 2349 4805 quominus
2384 4736 2632 4806 laboret,
2667 4738 2721 4793 ei
2749 4738 3059 4807 tamquam
3080 4753 3328 4795 servum

762 4819 961 4890 tribui,
1004 4821 1106 4890 qui
1142 4835 1284 4877 eum
1322 4822 1746 4892 vagabundum
1783 4822 2083 4879 detulerit.
2120 4823 2193 4879 Κ.
2233 4823 2416 4880 Marx.
2458 4823 2575 4880 Das
2610 4824 2869 4894 Kapital.
2906 4824 2953 4879 Ι.
2971 4839 3026 4894 p.
3046 4825 3169 4896 700,
3188 4840 3333 4895 sqq.
