3770 5738
1657 489 1737 553 15

413 694 779 758 contracta
863 692 1071 755 erant
1159 690 1344 754 inter
1407 688 1687 754 colonos
1757 689 2195 770 privatorum
2268 693 2342 755 et
2407 692 2975 774 patrimoniales;

407 810 675 876 etenim
739 808 939 873 liberi
989 824 1079 872 ex
1127 806 1252 872 tali
1302 806 1796 887 conjunctione
1844 807 2190 887 procreati
2245 825 2487 874 omnes
2532 810 2978 892 imperatoris

405 927 713 1009 praediis
759 926 1338 991 attribuebantur
1367 919 1441 1006 ¹).

498 1047 578 1111 In
647 1043 1118 1110 matrimoniis
1177 1060 1355 1123 quae
1409 1042 1838 1122 adscripticii
1888 1042 2073 1107 inter
2120 1060 2194 1108 se
2242 1045 2762 1126 conjungebant
2811 1046 2975 1111 olim

402 1163 653 1229 eadem
724 1163 841 1229 lex
908 1162 1331 1228 servabatur
1381 1177 1558 1242 quae
1605 1160 1676 1225 in
1726 1161 1953 1225 servis
2002 1160 2324 1226 valebat:
2376 1162 2628 1227 liberos
2676 1166 2976 1229 matrem

405 1283 612 1364 sequi
684 1282 933 1346 debere
1001 1282 1213 1361 atque
1282 1279 1435 1361 ejus
1483 1278 1746 1343 domini
1794 1295 1948 1343 esse
1977 1275 2045 1359 2).
2098 1279 2351 1344 Postea
2397 1284 2637 1346 autem
2684 1281 2725 1345 J
2733 1283 2975 1346 ustini·

402 1402 667 1465 nianus
736 1399 980 1464 eadem
1051 1398 1321 1463 ratione
1401 1415 1573 1462 usus
1642 1399 1754 1461 est
1824 1414 1904 1461 ac
1981 1398 2049 1461 in
2119 1397 2375 1463 ceteris
2423 1398 2723 1464 colonis:
2776 1400 2974 1465 liberi

406 1519 605 1584 enim
658 1535 779 1600 per
826 1520 1089 1583 sortem
1139 1517 1323 1581 inter
1373 1518 1749 1595 utrumque
1800 1515 2159 1579 dominum
2205 1515 2702 1582 dividebantur
2746 1519 2848 1583 ita
2897 1521 2976 1584 ut

404 1794 612 1849 vincia
665 1793 985 1861 indignum
1036 1790 1406 1859 temporibus
1441 1791 1683 1845 nostris.
1718 1789 2231 1846 Consuetudinem
2268 1792 2431 1846 enim
2466 1792 2623 1862 apud
2659 1793 2793 1849 illos
2829 1809 2978 1864 esse,

408 1886 479 1937 ut
516 1881 622 1950 qui
664 1895 741 1935 ex
779 1879 1031 1934 diversis
1066 1877 1324 1947 praediis
1360 1878 1477 1933 orti
1513 1878 1641 1932 sint
1679 1878 1924 1946 nuptias
1957 1878 2117 1932 inter
2156 1892 2219 1932 se
2254 1879 2633 1951 contrahant,
2653 1895 2816 1936 nunc
2839 1896 2978 1938 vero

409 1969 692 2025 dominos
744 1966 944 2022 conari
998 1966 1245 2034 nuptias
1280 1964 1607 2020 dissolvere
1636 1964 1765 2033 Jam
1801 1965 2141 2020 contractas
2176 1966 2271 2020 vel
2307 1965 2524 2022 liberos
2558 1968 2698 2024 inde
2736 1971 2909 2025 natos
2945 1986 2980 2025 a

408 2056 767 2126 parentibus
820 2054 1188 2122 abstrahere,
1239 2054 1423 2121 atque
1474 2052 1615 2107 inde
1666 2066 1878 2107 omnes
1914 2052 2154 2107 illorum
2189 2052 2455 2108 locorum
2489 2055 2729 2111 colonos
2763 2057 2979 2113 misere

406 2143 614 2211 affligi,
670 2142 816 2196 dum
873 2141 981 2196 viri
1038 2142 1099 2195 et
1155 2140 1440 2195 mulieres
1475 2153 1580 2208 per
1615 2140 1739 2194 vim
1774 2142 2147 2209 separentur,
2183 2140 2377 2208 proles
2411 2144 2618 2198 autem
2654 2144 2727 2198 ab
2763 2145 2837 2200 iis
2874 2147 2977 2214 qui

408 2247 546 2287 eam
585 2231 649 2285 in
685 2228 882 2284 lucem
920 2228 1341 2297 produxerunt
1373 2227 1819 2297 abstrahantur,
1855 2228 1920 2281 et
1956 2241 2084 2283 rem
2120 2229 2247 2283 sola
2283 2230 2772 2300 nostraindigere
2789 2235 2977 2301 provi-

409 2317 639 2373 dentia.
676 2316 722 2370 I.
760 2315 1078 2371 Sancimus
1114 2315 1316 2384 igitur,
1354 2316 1421 2369 ut
1459 2315 1523 2369 in
1560 2316 1870 2383 posterum
1908 2314 2151 2382 quidem
2185 2314 2562 2385 praediorum
2588 2317 2978 2376 dominicolo·

411 2420 545 2475 nos,
599 2404 965 2473 quicumque
1020 2403 1095 2457 ad
1147 2416 1250 2458 eos
1286 2416 1363 2457 ex
1401 2401 1531 2471 lege
1567 2402 1897 2470 pertinent,
1933 2402 2229 2470 quomodo
2265 2402 2582 2460 voluerant
2615 2407 2980 2479 custodiant,

412 2508 489 2549 ne
530 2506 673 2547 cum
714 2491 786 2546 iis
822 2491 924 2559 qui
961 2504 1039 2545 ex
1074 2490 1207 2545 aliis
1242 2489 1500 2558 praediis
1537 2489 1652 2544 orti
1689 2490 1840 2544 sunt
1877 2490 2124 2557 nuptias
2159 2489 2550 2558 contrahant;
2574 2494 2822 2561 nuptiae
2840 2509 2979 2551 vero
3017 2558 3021 2562 Α

410 2581 616 2637 adhuc
672 2580 1013 2634 contractae
1067 2580 1233 2633 ratae
1286 2578 1430 2647 sint,
1484 2590 1605 2632 neu
1658 2577 1978 2645 quisquam
2017 2578 2209 2646 possit
2241 2592 2343 2633 eos
2379 2580 2481 2646 qui
2509 2579 2637 2647 jam
2674 2582 2979 2650 conjuncti

410 2669 564 2723 sunt
617 2666 953 2722 secundum
1008 2680 1237 2721 morem
1291 2665 1393 2733 qui
1448 2666 1589 2720 ante
1626 2665 1891 2720 obtinuit
1927 2665 2226 2734 divellere,
2262 2668 2372 2721 aut
2405 2681 2612 2736 cogere
2651 2670 2723 2723 ut
2757 2671 2975 2728 terram

413 2757 488 2812 ad
544 2756 708 2824 ipsos
758 2755 1165 2823 pertinentem
1216 2753 1435 2830 colant,
1469 2752 1575 2807 sed
1614 2766 1689 2808 ne
1724 2752 1943 2808 liberos
1978 2753 2221 2821 quidem
2256 2767 2292 2808 a
2326 2755 2679 2823 parentibus
2712 2758 2978 2827 abripere

415 2842 664 2900 nomine
700 2840 1062 2898 condicionis
1098 2840 1446 2897 colonariae.
1482 2838 1599 2895 Sed
1635 2839 1823 2895 etiam
1860 2840 1913 2894 si
1951 2839 2095 2909 quid
2128 2840 2279 2896 forte
2297 2841 2731 2911 ejusmodijam
2749 2843 2978 2903 factum

414 2933 527 3000 est,
573 2930 634 2984 id
671 2943 905 2998 quoque
943 2929 1293 2984 emendabis
1329 2929 1392 2982 et
1428 2927 1874 2983 restituendum
1912 2928 2165 2996 curabiS,
2203 2928 2330 2983 sive
2364 2928 2587 2985 liberos
2621 2932 2810 3001 abripi
2847 2948 2977 2989 con·

416 3019 625 3087 tigerit
680 3017 807 3071 sive
863 3016 1050 3071 etiam
1106 3015 1408 3083 munerea
1461 3029 1498 3069 a
1549 3014 1900 3083 parentibus
1952 3015 2209 3070 dicimus
2246 3016 2310 3071 et
2345 3017 2730 3085 conjugibus:
2768 3022 2840 3075 ut
2875 3022 2975 3089 qui

416 3104 715 3173 ejusmodi
770 3103 1097 3173 posteriore
1151 3104 1420 3171 tempore
1473 3101 1616 3170 quid
1671 3101 1861 3157 facere
1915 3102 2153 3172 audeat,
2205 3103 2388 3158 etiam
2444 3104 2516 3159 de
2568 3105 2697 3173 ipso
2738 3109 2980 3175 praedio

416 3192 811 3262 periclitetur.
858 3189 1084 3246 Verum
1121 3189 1509 3245 matrimonia
1545 3204 1580 3245 a
1616 3191 1784 3244 metu
1822 3203 1987 3244 nunc
2025 3189 2387 3245 imminente
2423 3190 2769 3264 liberentur,
2807 3195 2979 3251 habe·

417 3282 645 3348 antque
697 3279 978 3347 parentes
1031 3278 1248 3333 liberos
1302 3292 1379 3332 ex
1427 3277 1540 3332 hac
1576 3278 1787 3332 nostra
1813 3277 2110 3347 jussione,
2147 3291 2297 3332 neve
2333 3279 2565 3347 possint
2601 3282 2978 3352 praediorum

415 3381 792 3437 possessores
844 3380 972 3421 rem
1031 3365 1337 3420 subtiliter
1371 3365 1733 3434 perscrutari
1772 3369 1835 3420 et
1868 3367 1978 3420 aut
2010 3365 2395 3421 matrimonio
2422 3366 2670 3434 junctos
2701 3372 2811 3425 aut
2846 3370 2980 3426 libe-

414 3469 518 3510 ros
552 3453 927 3510 abstrahere:
964 3454 1068 3522 qui
1105 3453 1270 3508 enim
1309 3452 1451 3521 quid
1489 3452 1782 3520 ejusmodi
1820 3451 2030 3530 facere,
2048 3456 2315 3521 conetur,
2352 3443 2539 3509 etiam
2576 3455 2649 3510 de
2673 3456 2804 3525 ipso
2821 3454 2982 3527 prae!

421 3543 520 3598 dio
557 3541 1006 3612 periclitabitur,
1044 3542 1141 3596 cui
1177 3541 1408 3596 scilicet
1444 3540 1685 3595 colonos
1720 3540 2023 3595 vindicare
2059 3542 2324 3596 conatur.

491 3630 532 3698 ¹)
586 3629 648 3684 L.
704 3630 752 3685 1.
810 3627 869 3684 C.
925 3628 977 3683 J.
1033 3628 1143 3684 XI.
1197 3629 1283 3684 69.
1343 3628 1404 3684 Si
1456 3628 1606 3683 liber
1658 3627 1908 3683 colonus
1964 3627 2059 3682 vel
2113 3628 2322 3683 colona
2374 3628 2560 3686 libera
2595 3631 2851 3688 tamiaco
2886 3632 2982 3687 vel

420 3717 709 3773 tamiacae
744 3717 1110 3772 matrimonii
1143 3716 1276 3784 jure
1313 3716 1641 3784 copuletur,
1678 3715 1786 3770 filii
1823 3715 1917 3770 vel
1955 3715 2110 3771 filiae
2128 3729 2206 3770 ex
2225 3716 2982 3783 hujusmodicontubernio

419 3805 708 3874 procreati
744 3804 839 3860 vel
877 3805 1217 3873 procreatae
1254 3803 1480 3859 colonis
1517 3804 1833 3858 dominicis
1870 3802 2284 3858 adnectentur.
2330 3833 2381 3842 —
2426 3804 2675 3861 Praedia
2710 3807 2982 3876 tamiaca‚

420 3892 484 3947 in
533 3891 896 3961 Cappadocia
931 3892 1065 3961 sita,
1103 3891 1323 3959 quibus
1359 3893 1676 3960 praeerant
1709 3889 1923 3947 Comes
1960 3891 2273 3945 domorum
2310 3894 2374 3945 et
2408 3891 2795 3960 Praepositus
2830 3894 2983 3949 sacri

421 3975 697 4048 cubiculi}
732 3979 967 4048 partem
1002 3978 1345 4034 efficiebant
1380 3978 1756 4046 praediorum
1795 3979 2011 4033 domus
2029 3977 2217 4032 divini
2229 3977 2402 4045 ;inde
2420 3978 2668 4035 colonus
2687 3981 2982 4036 tamiacus

424 4067 489 4120 et
539 4065 876 4120 dominicus
922 4065 1054 4120 sine
1101 4065 1445 4120 discrimine
1482 4065 1869 4133 usurpantur.
1909 4063 1993 4119 De
2030 4064 2126 4119 his
2161 4063 2323 4118 vide:
2364 4064 2493 4119 His.
2529 4064 2636 4120 Die
2674 4064 2983 4122 Domanen

384 4215 391 4222 ,
429 4151 532 4206 der
566 4152 907 4208 romischen
944 4151 1296 4218 Kaiserzeit
1333 4167 1388 4221 p.
1427 4151 1513 4221 28,
1550 4166 1679 4220 sqq.
2135 4165 2146 4176 ·

501 4239 540 4307 ¹)
592 4240 656 4295 L.
707 4239 757 4295 3.
812 4239 872 4296 G.
923 4239 977 4296 J.
1031 4239 1140 4295 XI.
1174 4240 1261 4295 54.
1301 4239 1362 4295 Si
1400 4239 1723 4307 cujuslibet
1757 4239 2114 4295 tributarius
2142 4239 2420 4308 junxerit
2453 4240 2567 4296 sibi
2603 4241 2984 4298 tributariam

431 4339 696 4397 uxorem,
750 4327 844 4382 vel
898 4327 1196 4383 contrario
1247 4327 1299 4382 si
1356 4326 1680 4395 cujuslibet
1724 4326 1943 4382 ancilla
1994 4341 2169 4384 servo
2204 4327 2575 4395 sejunxerit
2610 4328 2824 4400 alieno,-
2859 4330 2985 4386 tam

431 4413 731 4470 tributarii
784 4429 961 4483 quam
1019 4416 1177 4470 servi
1233 4413 1388 4470 filios
1439 4415 1706 4470 matrum
1761 4415 1933 4483 sequi
1990 4416 2395 4472 condicionem
2447 4430 2774 4485 earumque
2822 4432 2985 4474 more

433 4505 804 4571 genetricum
860 4518 1110 4559 suarum
1164 4504 1422 4559 dominis
1476 4503 1751 4558 subditos
1803 4517 1938 4559 esse
1993 4517 2330 4559 censemus.
2381 4535 2432 4543 —
2478 4503 2644 4560 Haec
2680 4505 2796 4575 lex,
2832 4519 2987 4575 quae

434 4589 498 4643 in
533 4591 828 4659 plerisque
881 4591 1185 4647 codicibus
1238 4592 1422 4658 deest,
1471 4605 1523 4646 a.
1559 4604 1615 4646 v,
1653 4591 1705 4645 d.
1765 4589 2039 4659 Krueger
2091 4592 2330 4660 recepta
2383 4606 2504 4646 non
2554 4594 2665 4662 est,
2700 4593 2986 4648 arbitrato
3047 4579 3054 4584 ’

435 4689 565 4733 eam
618 4692 696 4734 ex
749 4679 864 4734 alio
918 4678 1119 4734 codice
1174 4693 1307 4734 esse
1345 4679 1654 4733 insertam.
1690 4678 1875 4733 Nobis
1911 4680 2116 4734 autem
2153 4678 2212 4732 id
2248 4680 2413 4747 parvi
2450 4678 2645 4735 refert.
2689 4710 2741 4719 -
2786 4679 2985 4735 Tribu-

366 4841 375 4846 ·
438 4764 616 4820 tarios
678 4764 920 4821 eosdem
980 4764 1223 4821 colonos
1279 4780 1413 4822 esse
1470 4764 1894 4834 intelligendos
1951 4780 2019 4821 ac
2079 4765 2489 4834 adscripticios
2540 4766 2697 4823 infra
2746 4767 2985 4823 demon·

442 4851 743 4908 strabitur.
