3770 5738
1641 493 1721 558 71

393 699 538 763 tale
628 696 796 777 quid
885 695 1085 761 fieret
1137 689 1208 771 1).
1304 694 1391 759 Et
1478 708 1904 774 quamquam
1991 690 2142 770 lege
2233 690 2387 753 erat
2474 689 2802 752 sanctum
2874 701 2963 751 ne
3056 741 3067 750 .

397 815 831 896 adscripticii
905 815 975 880 in
1049 813 1282 879 causis
1350 812 1650 894 privatis
1688 811 1847 892 jure
1898 810 2186 890 agerent
2233 823 2394 873 cum
2443 805 2745 870 dominis
2793 805 2963 887 suis,

399 934 746 999 Arcadius
813 935 886 998 et
959 931 1314 997 Honorius
1384 930 1670 995 disertis
1741 928 1978 994 verbis
2027 942 2312 991 causam
2358 925 2965 1007 superexactionis

399 1055 832 1135 exceperunt
855 1047 928 1129 2).

490 1170 804 1236 Mercede
861 1169 1010 1234 sola
1058 1170 1299 1233 autem
1346 1184 1559 1232 onera
1608 1167 2010 1232 colonorum
2058 1168 2368 1233 nondum
2420 1169 2624 1233 erant
2657 1166 2963 1247 peracta.

402 1290 480 1354 In
552 1288 884 1353 maximis
953 1287 1094 1352 illis
1163 1286 1561 1352 latifundiis
1630 1286 1773 1350 fere
1846 1286 2101 1366 ubique
2169 1287 2447 1350 cultura
2494 1285 2646 1366 agri
2696 1284 2966 1348 duobus

404 1408 625 1472 modis
678 1407 1142 1472 exercebatur
1167 1400 1238 1482 3).
1288 1405 1460 1469 Pars
1507 1421 1768 1484 eorum,
1819 1404 1990 1469 villa
2036 1422 2197 1469 cum
2243 1405 2432 1485 agris
2477 1403 2964 1486 adjacentibus

402 1544 445 1591 a
503 1527 927 1591 conductore
997 1525 1148 1607 ipso
1221 1523 1558 1589 adhibitis
1615 1523 1843 1588 servis
1916 1523 2296 1589 colebatur.
2393 1524 2677 1589 Partem
2725 1524 2966 1587 autem

408 1645 631 1710 denuo
697 1644 964 1709 locavit
1029 1642 1315 1708 colonis.
1409 1642 1633 1708 Juxta
1681 1644 1756 1707 et
1805 1658 2019 1723 supra
2072 1642 2567 1707 conductorem
2619 1643 2772 1706 erat
2821 1657 2967 1721 pro·

407 1767 686 1829 curator
732 1762 963 1828 saltus
1011 1762 1163 1827 sive
1210 1762 1599 1843 rationaliS,
1650 1762 1767 1842 qui
1816 1761 2017 1826 velut
2066 1761 2234 1826 olim
2280 1762 2562 1827 villicus
2610 1763 2969 1846 „praeerat

405 1884 552 1947 tam
600 1881 701 1947 rei
751 1881 1058 1945 rusticae
1107 1897 1316 1961 quam
1366 1880 1762 1945 rationibus
1814 1879 2060 1944 fundi’'
2091 1874 2329 1965 ⁴)„cui
2378 1854 2967 1946 cum⁶conductor

406 2002 559 2064 tum
646 1998 871 2065 coloni
942 2014 1185 2080 parere
1258 1998 1606 2063 debebant
1680 2000 1932 2079 utpote
2009 1999 2271 2065 domini
2348 1999 2579 2064 locum
2668 1998 2966 2064 tenenti.

407 2118 541 2183 Hic
615 2119 857 2182 autem
926 2133 968 2181 a
1038 2116 1304 2181 colonis
1377 2116 1593 2181 etiam
1641 2116 2036 2196 postulavit
2084 2133 2331 2198 operas
2378 2116 2637 2199 (hand)
2683 2119 2757 2181 et
2797 2116 3004 2197 juga·

412 2233 989 2318 (spandiensten).
1088 2234 1186 2299 De
1248 2234 1351 2299 eis
1411 2232 1565 2299 fuse
1605 2237 1855 2314 agetur
1904 2234 2089 2300 infra
2135 2253 2285 2317 cap.
2334 2235 2475 2315 1113
2526 2235 2638 2299 hic
2686 2236 2969 2299 tantum

404 2354 1110 2420 animadvertendum
1143 2355 1254 2417 est
1278 2369 1518 2418 eorum
1540 2353 1974 2418 mentionem
1996 2353 2146 2418 fieri
2171 2354 2245 2417 L.
2278 2356 2333 2419 1.
2363 2358 2401 2432 5
2433 2355 2489 2418 1.
2517 2352 2586 2418 C.
2613 2353 2674 2418 J.
2701 2352 2826 2418 XI.
2858 2351 2963 2417 53.

407 2474 479 2539 in
552 2490 690 2555 qua
774 2472 1120 2537 statuitur
1206 2471 1725 2536 detentatorem
1806 2472 2033 2537 coloni
2110 2472 2399 2553 fugitivi
2484 2474 2762 2554 praeter
2831 2471 2969 2537 alia

408 2592 845 2657 incommoda
916 2591 1136 2656 etiarn
1203 2607 1449 2673 operas
1517 2590 1811 2670 antiquo
1860 2591 2141 2656 domino
2192 2591 2573 2656 restituere
2622 2590 2870 2655 debere
2897 2587 2969 2667 ⁵).

499 2710 613 2774 DE
683 2709 1032 2775 MILITIA
1114 2707 1684 2774 COLONORUM.
1783 2708 2025 2775 Coloni
2095 2711 2343 2791 utpote
2399 2709 2716 2775 homines
2763 2708 2964 2774 liberi

412 2828 706 2894 militiae
767 2828 1048 2894 obnoxii
1096 2831 1323 2910 erant,
1372 2843 1534 2893 cum
1580 2829 1893 2894 aetatem
1940 2828 2101 2894 huic
2143 2828 2611 2894 constitutam
2661 2827 2969 2894 assecuti

412 2950 611 3012 erant
636 2943 706 3028 ⁶).
780 2947 869 3012 Et
940 2946 1502 3028 quandoquidem
1579 2947 1810 3012 saltus
1881 2947 2288 3030 municipiis
2362 2950 2567 3013 erant
2635 2947 2969 3030 exempti,

479 3194 519 3261 ¹)
556 3193 619 3248 L.
655 3192 740 3248 23.
779 3195 812 3260 5
846 3194 897 3247 2.
935 3192 995 3248 C.
1029 3192 1082 3248 J.
1119 3191 1228 3248 XI.
1263 3191 1351 3247 48.
1388 3191 1653 3249 Oaveant
1686 3194 1893 3249 autem
1929 3194 2381 3262 possessionum
2408 3193 2651 3263 domini,
2669 3195 2733 3249 in
2752 3194 2972 3263 quibus

410 3279 558 3335 tales
594 3279 787 3335 coloni
823 3280 1142 3335 constituti
1180 3281 1344 3346 sunt,
1379 3280 1643 3349 aliquam
1674 3281 2131 3337 innovationem
2156 3282 2247 3336 vel
2269 3281 2616 3336 violentiam
2634 3281 2723 3337 eis
2738 3280 2976 3337 inferre.

412 3367 470 3423 Si
518 3368 682 3422 enim
731 3367 843 3422 hoc
880 3367 1272 3436 approbatum
1314 3367 1493 3423 fuerit
1531 3370 1593 3422 et
1628 3382 1733 3437 per
1760 3368 2030 3436 judicem
2067 3368 2545 3437 pronuntiatum,
2580 3368 2708 3437 ipse
2742 3369 2972 3437 provin·

411 3455 531 3511 ciae
584 3455 936 3524 moderator,
990 3454 1054 3509 in
1108 3469 1228 3522 qua
1270 3454 1493 3522 aliquid
1534 3455 1651 3510 tale
1686 3453 1868 3511 fuerit
1905 3457 2337 3524 perpetratum,
2375 3456 2538 3512 omni
2576 3456 2752 3512 modo
2787 3456 2973 3525 provi-

411 3540 544 3597 deat
585 3546 649 3597 et
682 3542 1024 3609 laesionem,
1061 3542 1109 3596 si
1146 3556 1265 3610 qua
1301 3542 1627 3597 subsecuta
1661 3544 1772 3611 est,
1808 3543 1897 3598 eis
1935 3543 2220 3598 resarcire
2257 3544 2319 3598 et
2354 3544 2619 3598 veterem
2657 3544 2974 3599 consuetu·

411 3629 609 3685 dinem
664 3629 727 3684 in
774 3629 1066 3685 reditibus
1119 3628 1494 3697 praestandis
1529 3629 1617 3685 eis
1654 3630 1986 3686 observari:
2026 3630 2192 3685 nulla
2228 3644 2339 3685 nec
2375 3631 2525 3685 tunc
2563 3630 2806 3685 licentia
2843 3644 2974 3686 con·

412 3715 672 3771 cedenda
708 3716 934 3772 colonis
971 3715 1230 3771 fundum
1270 3717 1371 3771 ubi
1410 3717 1862 3772 commorantur
1897 3717 2251 3786 relinquere.

476 3805 517 3873 ¹)
557 3804 622 3858 L.
673 3804 724 3859 2.
776 3805 809 3870 5
862 3805 913 3858 4.
968 3802 1028 3858 C.
1076 3802 1131 3858 J.
1168 3802 1276 3857 XI.
1311 3804 1397 3858 50.
1435 3803 1551 3859 Sed
1592 3805 1661 3859 ut
1696 3804 1759 3859 in
1798 3804 1999 3860 causis
2035 3803 2383 3872 hujusmodi
2419 3803 2738 3859 hominum
2774 3805 2976 3872 generi

412 3890 697 3945 adversus
732 3890 1007 3946 dominos
1043 3890 1139 3944 vel
1175 3892 1459 3958 patronos
1496 3892 1559 3944 et
1593 3890 1827 3946 aditum
1862 3890 2326 3946 intercludimus
2362 3890 2424 3945 et
2452 3904 2661 3945 vocem
2683 3904 2977 3959 negamus

412 3978 677 4047 exceptis
729 3976 1349 4047 superexactionibus,
1396 3977 1460 4033 in
1496 3977 1716 4045 quibus
1752 3980 1911 4033 retro
1947 3978 2248 4046 principes
2285 3977 2638 4033 facultatem
2675 3977 2763 4033 eis
2800 3992 2981 4047 super

414 4063 520 4120 hoc
554 4063 976 4133 interpellandi
1012 4063 1435 4134 praebuerunt,
1471 4065 1632 4120 ita..
1654 4106 1667 4120 .

479 4151 520 4220 ¹)
556 4150 809 4220 Wssssn,
847 4151 1167 4207 Romische
1203 4152 1765 4221 Agrargeschichte.
1802 4167 1856 4221 p.
1893 4151 2014 4222 248,
2052 4152 2189 4207 adn.
2223 4152 2309 4208 60.

477 4240 519 4304 ⁴)
554 4240 617 4294 L.
652 4240 741 4294 31.
774 4254 862 4308 pr.
901 4238 1028 4307 Dig.
1068 4238 1358 4294 XXXIV.
1394 4240 1444 4306 4,
1481 4239 1726 4294 laudata
1762 4253 1798 4294 a
1834 4239 2187 4308 Scflunrnn,
2222 4255 2279 4309 p.
2316 4239 2401 4294 75.

481 4326 523 4392 ι)
563 4326 624 4381 L.
665 4327 712 4381 1.
760 4327 794 4393 5
832 4327 882 4381 1.
917 4325 977 4381 C.
1014 4325 1064 4379 J.
1104 4325 1213 4381 XI.
1249 4325 1318 4380 53
1341 4367 1354 4380 .
1377 4367 1426 4380 ..
1464 4328 1823 4395 maneatque
1859 4340 1963 4381 eos
2000 4339 2209 4395 poena,
2246 4326 2350 4395 qui
2385 4325 2651 4381 alienum
2688 4326 2751 4381 et
2785 4326 2982 4395 incog-

418 4413 609 4468 nitum
647 4412 1059 4482 recipiendum
1104 4426 1235 4467 esse
1274 4412 1577 4477 duxerint,
1616 4413 1741 4468 tam
1779 4414 1842 4468 in
1879 4412 2276 4469 redhibitione
2312 4427 2625 4481 operarum
2662 4414 2724 4468 et
2759 4413 2981 4480 damni,

418 4501 562 4568 quod
605 4501 764 4564 locis,
801 4515 954 4570 quae
992 4501 1385 4555 deseruerant
1418 4498 1647 4555 factum
1685 4503 1795 4570 est,
1827 4515 2115 4570 quam
2144 4531 2196 4539 —
2224 4501 2529 4556 Mouusnn
2549 4499 2830 4564 (Hermes
2849 4500 2981 4555 XV·

419 4599 469 4654 p.
503 4588 627 4650 406)
666 4589 841 4656 putat
878 4588 1080 4643 dotem
1119 4587 1190 4642 de
1228 4602 1347 4656 qua
1382 4587 1651 4656 loquitur
1689 4588 1752 4642 L.
1787 4589 1837 4642 2.
1876 4587 1936 4643 C.
1971 4587 2025 4642 J.
2060 4587 2170 4642 XI.
2204 4587 2289 4643 66.
2330 4587 2428 4655 (Μ.
2454 4587 2618 4643 enim
2644 4588 2790 4656 legit
2810 4601 2983 4657 „cum

421 4686 486 4727 ea
516 4674 686 4729 dote''
723 4689 829 4743 pro
870 4689 1041 4742 „cum
1079 4689 1149 4729 eo
1187 4674 1425 4738 onere”)
1461 4675 1644 4729 etiarn
1681 4675 1755 4729 ad
1793 4689 2003 4744 operas
2042 4680 2106 4729 et
2135 4675 2282 4743 juga
2318 4676 2603 4743 spectare.

489 4761 528 4826 ⁸)
565 4761 710 4816 Nov.
750 4761 876 4816 Val.
925 4761 1024 4816 VI.
1066 4763 1116 4816 1.
1152 4763 1185 4829 5
1230 4763 1272 4816 l.
1311 4761 1588 4829 ColonuS,
1625 4762 1954 4817 conductor
1989 4763 2229 4817 actorve
2268 4762 2379 4817 loci
2403 4761 2453 4816 si
2474 4761 2534 4816 id
2553 4760 2775 4816 aetatis
2797 4760 2895 4830 sit,
2914 4761 2986 4815 ut

427 4847 715 4916 stipendia
750 4847 896 4904 ferre
932 4849 1142 4918 possit,
1180 4847 1428 4904 milltiae
1467 4848 1743 4918 protinus
1780 4850 2162 4917 aggregetur.
