3770 5738
2019 498 2104 566 52

786 700 1051 765 sideres
1124 716 1284 766 eum
1345 716 1548 781 agere
1613 700 1698 765 de
1745 718 1820 765 re
1867 701 2142 785 agraria
2188 658 2601 782 praesertim
2647 701 2894 767 Italiae
2923 696 3011 785 ¹);
3063 702 3124 768 si
3170 703 3341 769 scias

788 835 869 884 eo
932 822 1266 900 tempore,
1336 821 1418 883 ut
1484 822 1777 900 apparet
1826 836 1917 885 ex
1952 819 2197 884 multis
2245 820 2872 916 constitutionibus
2918 821 3003 884 ad
3048 821 3343 886 Praefec-

790 939 947 1001 tum
984 936 1376 1011 ,Praetorio
1450 937 1697 1001 Italiae
1769 936 2054 1002 directis
2080 932 2152 1019 ²),
2203 937 2604 1002 colonatum
2652 938 2746 1002 ibi
2795 938 2938 1003 late
2985 938 3346 1017 vulgatum

794 1054 1033 1137 fuisse,
1102 1055 1248 1120 veri
1297 1054 1735 1119 simillimum
1783 1057 1991 1136 putes
2039 1072 2199 1120 eum
2240 1055 2584 1137 colonum,
2617 1054 2703 1119 ad
2746 1073 2951 1137 quem
2999 1055 3348 1122 Palladius
3397 1060 3412 1075 ”

794 1174 1184 1255 spectabat,
1232 1173 1686 1254 originarium
1736 1172 2285 1253 intellegendum
2334 1190 2508 1237 esse.
2559 1172 2752 1254 Quod
2802 1174 2860 1237 si
2910 1174 3013 1237 ita
3061 1177 3194 1255 est,
3243 1191 3348 1255 ap·

797 1294 1000 1373 paret
1047 1292 1171 1356 hos
1219 1290 1445 1355 etiam'
1483 1292 1571 1356 ab
1619 1291 1779 1356 aliis
1824 1307 2029 1370 agros
2074 1288 2461 1356 conducere
2508 1292 2846 1374 potuisse.

886 1407 959 1473 Si
1007 1409 1176 1479 haec
1225 1410 1458 1474 omnia
1499 1409 2048 1490 complectimur,
2075 1411 2390 1474 statuere
2417 1427 2791 1491 possumus
2816 1410 3080 1475 colonis
3107 1409 3349 1491 peculii

794 1529 1283 1608 postestatem,
1355 1527 1506 1591 sive
1581 1529 1774 1591 terra
1848 1527 2222 1592 constabat
2291 1527 2443 1591 sive
2509 1526 2665 1592 aliis
2715 1527 2948 1610 rebuS,
2997 1528 3139 1592 fere
3187 1527 3352 1592 inte·

792 1662 987 1726 gram
1037 1644 1276 1710 fuisse.

883 1763 1116 1855 Longe
1164 1762 1372 1828 aliter
1417 1780 1530 1828 res
1574 1779 1650 1828 se
1699 1762 1913 1827 habet
1962 1780 2123 1828 cum
2175 1763 2479 1828 dominio
2525 1763 3174 1844 adscripticiorum;
3229 1765 3353 1828 hoc

796 1882 1207 1963 saepissime
1273 1881 1533 1946 dicitur
1577 1884 1972 1961 competere
2023 1881 2342 1946 dominis,
2395 1881 2984 1947 Luculentissime
3025 1882 3092 1947 id
3143 1899 3352 1948 enun-

789 2001 1012 2065 tiatur
1097 2037 1160 2047 -
1251 2000 1321 2064 in
1373 2016 1509 2080 quo
1574 1998 1784 2063 simul
1826 1999 2199 2064 discrimen
2247 2003 2539 2081 apparet
2588 2018 2746 2065 cum
2797 2001 3201 2065 colonorum
3248 2000 3354 2065 do·

794 2118 1010 2183 minio
1089 2155 1172 2164 —
1246 2118 1317 2182 in
1386 2117 1897 2182 constitutione
1940 2118 2341 2183 Anastasii:
2402 2115 2570 2186 Τῶν
2649 2120 2996 2209 γεωργῶν
3039 2125 3149 2189 ὀἱ
3217 2120 3353 2208 μὲν

805 2232 1344 2327 ε’ναπόγραφοί
1400 2230 1552 2302 εἰσι
1616 2232 1752 2301 καὶ
1819 2233 1917 2300 ‘ta'
1965 2233 2257 2305 τούτων
2309 2233 2673 2306 πεκούλια
2722 2246 2892 2319 τοῖς
2940 2231 3358 2320 δεσπόταις

801 2352 1081 2440 ἀνήκει,
1131 2359 1213 2424 οἱ
1258 2347 1337 2422 δὲ
1386 2352 1651 2447 χρόνῳ
1702 2362 1835 2437 της
1877 2357 2522 2446 τριακονταετίας
2561 2361 2956 2441 μισθωτοὶ
2995 2356 3354 2452 γίνονται

806 2469 1184 2566 ἐλεύθεροι
1235 2475 1603 2560 μένοντες
1654 2474 1847 2559 μετά
1899 2477 2054 2545 τῶν
2103 2478 2573 2568 πραγμάτων
2621 2476 2900 2547 αὐτῶν.
2950 2478 3088 2549 καὶ
3138 2465 3354 2549 οὗτοι

805 2589 887 2666 δὲ
931 2594 1511 2689 ἀναγκάζονται
1565 2592 1695 2663 καὶ
1752 2596 1883 2681 τὴν
1911 2604 2051 2688 γὴν
2070 2605 2421 2689 γεωργεῖν
2452 2597 2588 2666 καὶ
2612 2596 2701 2667 τὸ
2727 2596 2940 2680 τέλος
2964 2601 3353 2691 παρέχειν.

802 2722 1031 2787 τοῦτο
1114 2708 1192 2785 δὲ
1256 2715 1393 2786 καὶ
1459 2723 1563 2807 τῲ
1629 2708 1951 2807 δεσπότῃ
2015 2713 2150 2785 καὶ
2218 2724 2388 2798 τοῖς
2451 2727 2814 2810 γεωργοῖς
2871 2717 3254 2800 λυσιτελές
3282 2717 3350 2800 ⁸).

801 2842 991 2908 Idem
1048 2841 1213 2907 alibi
1262 2858 1533 2923 quoque
1577 2839 2033 2922 significatur.
2094 2840 2166 2907 L.
2218 2842 2276 2906 2.
2328 2845 2365 2920 ὃ
2415 2843 2475 2907 2.
2527 2842 2596 2908 C.
2649 2843 2711 2909 J.
2759 2843 2885 2909 XI.
2938 2845 3046 2911 50.
3095 2844 3167 2909 in
3221 2860 3356 2926 qua

789 2962 1025 3042 agitur
1072 2963 1156 3026 de
1207 2961 1472 3027 colonis
1526 2961 1895 3046 „censibus
1943 2961 2318 3026 dumtaxat
2343 2961 3217 3044 adscriptis’'(videbimus
3242 2980 3357 3029 eos

859 3201 898 3266 ¹)
936 3201 1014 3256 II.
1050 3201 1101 3255 7.
1136 3199 1408 3256 Foenum
1446 3214 1722 3269 graecum
1763 3201 1827 3255 in
1864 3200 2040 3256 Italia
2077 3200 2392 3269 colligendi
2428 3201 2681 3258 seminis
2716 3216 2898 3258 causa
2937 3216 3145 3258 mense
3178 3203 3358 3259 Janu·

796 3289 920 3344 ario
968 3288 1201 3358 ultimo,
1239 3289 1395 3343 circa
1431 3288 1782 3344 Februarias
1820 3288 2100 3344 calendas
2136 3290 2394 3344 serimus
2407 3304 2422 3357 3
2458 3289 2568 3344 111.
2604 3289 2690 3344 25.
2725 3289 2821 3344 20:
2859 3290 3007 3345 mihi
3050 3305 3165 3345 usu
3208 3305 3360 3346 com·

783 3378 1024 3445 pertum
1079 3379 1175 3431 est
1224 3375 1288 3430 in
1326 3376 1503 3431 Italia
1537 3376 1694 3431 circa
1731 3376 2060 3432 Urbem...
2072 3393 2088 3445 ;
2126 3376 2230 3432 IV.
2269 3377 2351 3432 10.
2391 3377 2482 3431 16:
2520 3377 2679 3446 quod
2716 3391 2824 3446 ego
2860 3376 2925 3431 in
2963 3377 3244 3434 Sardinia
3282 3381 3366 3444 [et

784 3465 875 3530 in]
917 3463 1215 3518 territorio
1252 3463 1644 3533 Neapolitano
1682 3464 1747 3518 in
1784 3463 1989 3518 fundis
2024 3464 2176 3518 meis
2212 3464 2492 3533 comperi.

861 3552 902 3619 ²)
946 3550 1091 3606 Vide
1127 3565 1259 3619 pag.
1292 3551 1381 3606 80.

854 3637 895 3705 ⁸)
933 3638 997 3693 L.
1053 3638 1135 3693 19.
1192 3638 1251 3693 C.
1287 3638 1340 3693 J.
1378 3638 1486 3693 XI.
1521 3638 1606 3694 48.
1645 3638 2063 3707 Agricolarum
2100 3638 2199 3694 alii
2235 3637 2598 3706 adscripticii
2635 3642 2798 3708 sunt,
2837 3653 3095 3708 quorum
3131 3638 3369 3708 peculia

791 3726 866 3781 ad
922 3727 1198 3782 dominos
1250 3727 1575 3795 pertinent,
1625 3727 1725 3781 alii
1777 3727 2029 3795 triginta
2082 3741 2378 3782 annorum
2434 3728 2703 3795 ternpore
2753 3726 3158 3795 colonitium,
3198 3725 3367 3782 liberi

787 3817 997 3870 tamen
1051 3828 1192 3869 cum
1243 3815 1423 3869 rebus
1461 3815 1590 3869 suis
1627 3821 1880 3869 manent
1892 3830 1908 3883 ;
1945 3814 2170 3869 etenim
2208 3814 2272 3868 hi
2308 3828 2545 3882 quoque
2582 3817 2645 3869 et
2681 3816 2906 3869 terram
2943 3814 3134 3870 colere
3172 3816 3238 3869 et
3275 3813 3371 3869 tri-

789 3902 1008 3957 butum
1055 3902 1285 3958 solvere
1323 3903 1641 3969 coguntur.
1678 3901 1807 3956 Hoc
1844 3903 2050 3956 autem
2089 3902 2215 3956 tam
2252 3900 2494 3957 domino
2519 3916 2701 3969 quam
2722 3900 2995 3970 agricolis
3018 3901 3283 3969 expedit.
3311 3929 3365 3939 —

785 3991 1024 4062 Iniuria
1061 3992 1320 4045 sumunt
1355 3990 1637 4045 SAvrcis-ir
1675 3990 1898 4058 (Ueber
1931 3990 2047 4045 den
2085 3990 2423 4044 romischen
2462 3989 2727 4044 Colonat.
2754 3988 3132 4044 Vermischte
3152 3988 3376 4045 Schrif-

782 4091 910 4143 ten.
966 4078 1042 4133 11.
1092 4093 1143 4147 p.
1178 4078 1263 4146 30,
1300 4078 1406 4147 31),
1445 4078 1702 4132 Puer-rm
1741 4076 1994 4144 (Cursus
2030 4077 2136 4132 der
2169 4077 2627 4132 Institutionem
2664 4077 2743 4132 II.
2781 4093 2834 4146 p.
2870 4080 2976 4132 459
3013 4091 3071 4132 n.
3110 4077 3210 4145 k.)‚
3249 4077 3372 4132 Lao

793 4170 924 4237 (Die
962 4182 1090 4237 cap.
1127 4169 1296 4223 hum.
1331 4167 1457 4222 und
1494 4168 1588 4222 die
1626 4181 1750 4234 cap.
1788 4166 1941 4235 pleb.
1979 4180 2034 4234 p.
2068 4166 2156 4221 92.
2194 4180 2250 4220 n.
2287 4166 2407 4233 256,
2444 4180 2498 4234 p.
2539 4166 2655 4220 106.
2693 4180 2751 4220 n.
2787 4165 2912 4230 283)
2953 4165 3119 4220 hisce
3141 4165 3376 4220 colonis

800 4256 1021 4325 pariter
1073 4271 1142 4311 ac
1183 4256 1270 4311 eis
1308 4256 1380 4309 de
1417 4255 1638 4323 quibus
1674 4253 1942 4322 loquitur
1980 4253 2042 4308 L.
2080 4254 2162 4307 25.
2202 4252 2260 4308 C.
2297 4252 2350 4307 J.
2387 4253 2495 4307 XI.
2531 4253 2618 4308 48.
2653 4254 2716 4307 et
2752 4252 2899 4307 Now
2934 4252 3093 4307 Just.
3132 4251 3373 4307 CLXII.

797 4359 926 4413 cap.
973 4343 1042 4412 2.,
1081 4345 1131 4398 si
1169 4342 1505 4399 dominium
1545 4356 1729 4397 suum
1764 4341 2024 4396 alienare
2063 4341 2305 4410 vellent,
2342 4354 2596 4395 assensu
2634 4340 3020 4395 dominorum
3058 4354 3178 4394 non
3218 4353 3376 4409 opus

796 4432 999 4487 fuisse.
1036 4431 1240 4488 Coloni
1286 4433 1468 4499 atque
1504 4431 1590 4485 ita
1625 4444 1834 4485 eorum
1871 4429 2209 4484 dominium
2245 4428 2430 4483 libera
2465 4428 2766 4494 dicuntur,
2806 4428 2946 4496 quia
2983 4431 3381 4496 opponuntur

790 4520 1186 4589 adscripticiis
1240 4533 1569 4586 eorumque
1622 4518 1904 4573 dominic.
1959 4517 2109 4584 Quid
2164 4516 2590 4584 significaverit
2637 4515 2739 4570 illa
2777 4514 3013 4584 „liberi”
3050 4514 3379 4583 appellatio

800 4622 982 4676 supra
1018 4614 1094 4676 (p.
1130 4607 1218 4672 33)
1254 4606 1634 4675 interpretari
1672 4612 1928 4660 conatus
1958 4619 2115 4659 sum.
2153 4601 2421 4659 Tertium
2457 4618 2650 4673 genus
2687 4603 3044 4684 colonorum.
3073 4601 3377 4670 extitisse,

799 4695 958 4763 quod
1014 4709 1091 4750 ex
1148 4695 1251 4750 tali
1308 4694 1584 4763 opinione
1638 4695 2008 4761 sequeret-ur,
2059 4705 2305 4761 prorsus
2355 4691 2526 4759 nullo
2584 4689 2803 4745 indicio
2863 4689 3093 4758 probari
3153 4690 3396 4758 potest.-

807 4782 962 4850 Quin
1015 4782 1203 4837 immo
1248 4783 1371 4837 veri
1408 4781 1788 4836 dissimillum
1829 4779 2169 4848 putandum
2207 4780 2302 4836 est
2336 4778 2551 4833 liberos
2585 4776 3084 4847 adempticiorum
3118 4776 3213 4842 (de
3250 4774 3379 4844 qui·

809 4871 925 4926 bus
961 4870 1124 4925 enim
1161 4869 1286 4938 agit
1322 4868 1470 4925 Nov.
1508 4868 1666 4924 Just.
1703 4867 1940 4936 CLXII)
1977 4866 2309 4922 condicioni
2345 4865 2683 4921 fortunatae
2721 4864 2955 4921 additos
2989 4863 3192 4920 fuisse.
