3770 5738
2005 523 2136 588 170

723 723 742 734 ⁸
781 719 990 801 legeS,
1044 718 1256 784 simili
1305 720 1448 785 fere
1497 723 1910 802 argumento
1960 739 2182 802 neque
2235 722 2467 802 magni
2515 723 2600 787 ob
2649 739 2805 787 eam
2852 739 3136 788 causam
3177 740 3334 805 pon·

782 837 990 918 deriS,
1039 855 1178 903 non
1228 838 1299 926 in
1349 838 1580 920 legum
1637 840 2089 905 collectiones
2141 843 2464 921 recept-ae
2513 842 2774 906 essent.

879 956 974 1021 Ut
1044 957 1506 1022 conductores
1572 962 2195 1039 procuratoresque
2226 957 2237 974 '
2266 958 2413 1023 vim
2477 959 2576 1024 rei
2648 959 2964 1040 publicae
3014 960 3082 1023 in
3133 976 3337 1024 suum

780 1066 1222 1131 commodum
1292 1067 1707 1132 adhiberent
1777 1067 1863 1132 ad
1930 1051 2214 1132 colonos
2251 1068 2690 1146 ‘retinendOS,
2741 1086 2821 1133 eo
2869 1068 3146 1134 facilius
3194 1068 3338 1134 fieri

781 1186 1079 1266 poterat,
1130 1159 1309 1264 quod
1359 1202 1818 1268 possessores,
1881 1203 2105 1267 neque
2150 1186 2384 1251 minus
2433 1188 2517 1251 ob
2566 1203 2718 1251 eam
2767 1204 3053 1251 causam
3100 1204 3337 1253 eorum

782 1304 1047 1384 vicarii,
1115 1303 1499 1385 compluria
1566 1322 1860 1370 munera
1929 1306 2480 1385 magistratuum
2551 1285 2685 1369 sibi
2746 1305 3165 1369 asciverant.
3260 1304 3336 1369 Id

780 1422 1082 1502 agebant
1129 1423 1211 1486 ut
1250 1422 1575 1522 ingentes
1621 1440 1788 1488 suos
1835 1422 2062 1488 saltus
2112 1423 2402 1505 irnperio
2445 1423 2542 1487 rei
2583 1422 2901 1504 publicae
2926 1423 3338 1504 eximerent,

780 1540 994 1621 atque
1065 1540 1193 1604 hoc
1263 1541 1465 1605 modo
1535 1558 1829 1606 munera
1899 1542 2445 1622 magistratuum
2494 1541 2628 1606 sibi
2677 1541 3223 1605 vindicaverunt
3270 1541 3339 1605 in

782 1675 1077 1738 quorum
1143 1657 1371 1723 locum
1442 1660 1811 1724 succedere
1884 1659 2328 1738 videbantur.
2380 1659 2645 1741 Quibus
2690 1659 2923 1724 causis
2972 1658 3143 1724 haec
3188 1658 3342 1723 lati·

783 1775 1202 1841 fundiorum·
1247 1778 1601 1864 exemptio
1671 1778 2043 1859 niteretur,
2117 1778 2338 1858 primo
2412 1777 2643 1859 capite
2711 1772 3120 1857 indicav11).
3186 1775 3339 1842 Hoc

781 1893 931 1959 loco
980 1912 1117 1959 non
1165 1894 1290 1960 abs
1340 1912 1411 1959 re
1460 1895 1747 1960 videtur
1795 1894 2172 1960 nonnullos
2220 1897 2523 1960 eventus
2547 1894 2758 1975 huJus
2782 1895 2882 1959 rei
2909 1910 3338 1960 enumerare.

782 2011 860 2076 In
932 2013 1060 2077 hac
1135 2030 1207 2078 re
1258 2012 1602 2094 imprimis
1650 2013 1878 2078 saltus
1927 2031 2087 2078 cum
2134 2013 2533 2094 municipiis
2581 2013 3090 2093 congruebant:
3139 2013 3341 2077 ambo

777 2128 896 2210 Jus
944 2130 1417 2196 nundinarum
1466 2131 1717 2197 habere
1765 2123 2111 2213 poterant.
2163 2131 2315 2196 Hoc
2353 2130 2510 2213 jure
2559 2148 2996 2212 possessores
3038 2131 3340 2196 multum

783 2247 1118 2326 valebant
1185 2249 1269 2314 ad
1330 2250 1598 2331 species
1643 2254 2111 2330 naturamque
2159 2267 2393 2315 rerum
2444 2248 3041 2314 divendendarum
3092 2248 3343 2314 consti·

784 2367 1108 2448 tuendaS,
1150 2368 1220 2433 in
1263 2369 1671 2434 universum
1719 2368 2179 2449 acquirebant
2201 2370 2627 2450 potestatem
2658 2384 3234 2449 agoranomorum
3261 2364 3338 2451 ²).

786 2485 1167 2552 Suetonius
1230 2491 1475 2552 narrat
1545 2488 1916 2553 Claudium
1966 2489 2459 2568 imperatorem
2508 2488 2637 2552 hoc
2678 2487 2797 2568 jus
2850 2486 3341 2568 impetravisse

785 2624 828 2672 a
895 2605 1301 2672 consulibus
1328 2601 1413 2688 3);
1488 2606 1609 2671 sed
1682 2622 1820 2671 non
1893 2605 2121 2670 solum
2192 2604 2478 2686 praedia
2522 2604 2787 2670 fiscalia
2825 2605 2952 2671 hoc
3004 2603 3338 2670 beneficio

786 2725 1258 2791 ornabantur:
1332 2724 1604 2789 Plinius
1679 2724 1748 2788 in
1824 2723 2148 2805 epistulis
2218 2724 2367 2788 suis
2435 2723 2603 2788 alibi
2650 2723 2865 2788 refert
2912 2723 3338 2804 praetorium

785 2843 1131 2926 quendam
1195 2843 1377 2909 idem
1447 2860 1489 2908 a
1550 2845 1804 2909 senatu
1852 2842 2192 2924 petivisse
2220 2836 2289 2918 ⁴).
2389 2842 2475 2906 Et
2516 2840 2698 2923 juris
2746 2840 3216 2906 nundinarum
3268 2841 3336 2905 in

784 2962 1064 3043 praedio
1118 2963 1377 3043 privati
1431 2962 1733 3026 hominis
1775 2962 1991 3026 etiam
2039 2961 2303 3025 mentio
2352 2961 2434 3025 fit
2486 2959 2555 3024 C.
2584 2959 2635 3024 Ι.
2665 2960 2735 3024 L.
2765 2958 2953 3025 V111.
2976 2961 3109 3024 270
3137 2952 3212 3035 ⁵).
3246 2996 3328 3005 —

782 3080 927 3145 Lex
997 3080 1245 3159 saltus,
1293 3080 1570 3160 qualem
1616 3096 1706 3144 ex
1753 3080 2330 3160 inscriptionibus
2380 3079 2858 3160 cognovimuS,
2909 3078 3139 3143 simile
3194 3077 3337 3143 fere

783 3201 1275 3279 argumentum
1322 3199 1535 3264 habet
1580 3202 1652 3263 et
1698 3199 1944 3263 eodem
1991 3196 2134 3262 fere
2187 3197 2497 3278 pertinet
2547 3214 2627 3261 ac
2654 3198 2770 3261 lex
2796 3196 3240 3277 municipalis
3264 3192 3335 3273 ⁶).

782 3317 863 3382 In
933 3316 1386 3397 inscriptione
1457 3317 1755 3397 quadam
1825 3333 2051 3381 sermo
2114 3318 2225 3380 est
2272 3315 2356 3381 de
2405 3315 2890 3412 vectigalibuS,
2941 3331 3118 3395 quae
3166 3313 3338 3378 nihil

782 3434 971 3500 aliud
1019 3451 1174 3500 esse
1219 3438 1625 3516 potuerunt,
1673 3437 1754 3500 ut
1801 3435 2210 3500 observavit
2256 3434 2366 3498 vir
2392 3434 2473 3499 cl.
2502 3432 2886 3513 SoHuL'rEN,
2913 3433 3049 3497 nisi
3075 3449 3340 3498 merces

781 3569 992 3634 quam
1051 3553 1369 3634 pendunt
1438 3553 1684 3619 coloni.
1762 3552 2192 3637 „Besonders
2263 3552 2332 3616 in
2396 3552 2518 3616 der
2588 3551 3120 3632 Exploitierung
3174 3550 3334 3615 sind

783 3671 893 3737 die
985 3670 1342 3736 Domanen
1431 3671 1544 3736 ein
1620 3675 1945 3754 getreues
2036 3670 2291 3735 Abbild
2385 3670 2505 3735 der
2595 3669 3033 3735 stadtischen
3127 3668 3339 3733 Terri-

783 3789 1031 3855 torien.
1111 3787 1272 3853 Wie
1341 3789 1452 3853 die
1521 3790 1958 3855 stadtischen
2036 3789 2375 3854 Beamten
2424 3788 2566 3856 und
2616 3788 2725 3853 die
2775 3788 2896 3853 des
2946 3787 3336 3853 romischen

859 4010 901 4077 ¹)
937 4008 1091 4065 Vide
1129 4024 1263 4079 pag.
1297 4008 1385 4065 37.

858 4098 901 4162 ¹)
938 4096 1192 4165 wamia,
1227 4096 1785 4166 Agrargesohichte‚
1820 4111 1875 4165 p.
1913 4096 2034 4152 260.

858 4185 898 4254 ⁸)
936 4184 1102 4240 Suet.
1139 4183 1341 4240 Claud.
1381 4185 1463 4239 12.
1501 4184 1613 4239 Jus
1650 4184 2059 4239 nundinarum
2100 4183 2163 4239 in
2200 4183 2434 4252 privata
2468 4181 2709 4252 praedia
2745 4197 2780 4237 a
2805 4181 3158 4237 consulibus
3175 4181 3345 4250 petit.

853 4272 897 4339 ⁴)
935 4271 1086 4327 Plin.
1123 4271 1308 4340 Epist.
1345 4270 1415 4325 V.
1450 4272 1502 4326 4.
1540 4271 1587 4325 1.
1625 4269 1734 4325 Vir
1767 4270 2106 4339 praetorius
2143 4270 2365 4326 Sollers
2400 4285 2437 4325 a
2472 4271 2689 4325 senatu
2728 4270 2906 4338 petiit
2942 4272 3012 4324 ut
3039 4268 3151 4323 sibi
3175 4268 3341 4323 insti·

787 4360 958 4414 tuere
998 4358 1304 4414 nundinas
1339 4358 1403 4413 in
1441 4358 1598 4426 agris
1634 4358 1762 4413 suis
1798 4358 2268 4426 permitteretur.

858 4446 900 4513 ⁸)
935 4444 1086 4501 Vide
1139 4445 1350 4501 etiam:
1405 4445 1468 4499 L.
1524 4446 1574 4499 1.
1628 4443 1757 4513 Dig.
1816 4445 1877 4499 L.
1934 4446 2017 4499 11.
2072 4443 2375 4500 Nundinis
2427 4444 2767 4513 impetratis
2822 4457 2859 4499 a
2907 4442 3185 4511 principe,
3222 4455 3341 4497 non

788 4533 1034 4602 utendo,
1085 4533 1187 4601 qui
1242 4533 1482 4596 meruit,
1521 4531 1792 4587 decennii
1832 4533 2101 4600 tempore
2143 4546 2321 4586 usum
2358 4531 2604 4586 amittit.
2643 4562 2706 4570 —
2745 4531 2807 4586 L.
2848 4532 2895 4585 1.
2932 4530 2993 4585 C.
3029 4528 3082 4585 J.
3119 4527 3222 4584 IV.
3256 4528 3341 4583 60.

788 4621 899 4688 Qui
937 4620 1409 4676 exercendorum
1447 4620 1827 4675 mercatuum
1865 4619 1975 4673 aut
2016 4617 2429 4674 nundinarum
2449 4618 2761 4673 licentiam
2785 4658 2796 4672 .
2820 4618 3130 4672 ...nostra
3147 4617 3342 4670 aucto·

790 4708 967 4764 ritate
1003 4709 1375 4777 meruerunt,
1398 4749 1410 4762 .
1433 4748 1445 4762 .
1468 4748 1515 4762 ..

861 4796 901 4866 ⁶)
940 4795 1164 4863 Quibus
1227 4796 1407 4851 rebus
1481 4793 1861 4861 conveniant,
1925 4793 2209 4862 exposuit
2266 4793 2659 4862 BsAunoer,
2716 4793 2937 4861 Bevus,
2982 4793 3095 4847 etc.
3141 4790 3342 4846 XXII.

794 4899 848 4953 p.
887 4883 973 4938 83.
1010 4882 1145 4937 adn.
1181 4882 1232 4938 2.
