3770 5738
2014 446 2101 510 42

776 640 967 705 nullo
1017 640 1218 705 modo
1267 640 1434 705 licet
1491 640 1634 706 tale
1680 641 1846 722 quid
1896 641 1981 706 ad
2034 643 2467 724 antiquiores
2514 643 3008 708 collocationes
3055 644 3325 710 referre.

776 757 1139 823 Postremo
1203 758 1352 823 loco
1425 760 1843 840 spectabant
1915 759 2074 825 illae
2122 761 2208 825 ad
2259 760 2735 826 defensionem
2784 762 3060 844 imperii
3109 780 3329 844 neque

773 876 859 940 ad
930 892 1078 940 rem
1149 877 1494 955 agrariam
1564 878 2050 959 pertinebant3
2115 878 2186 943 in
2236 879 2638 945 condicione
2686 881 3112 947 rusticorum
3161 882 3330 947 nihil

774 995 1257 1073 mutaverunt,
1316 996 1825 1076 comparandae
1872 999 2042 1061 sunt
2087 1014 2247 1062 cum
2294 997 2685 1077 legionibus
2732 998 3043 1063 militum
3091 1000 3332 1064 Roma-

773 1128 1022 1176 norum
1070 1129 1246 1192 quae
1295 1114 1366 1177 in
1415 1112 1669 1179 finibus
1720 1115 1993 1196 imperii
2042 1115 2589 1180 collocabantur.

863 1230 942 1294 In
1017 1230 1230 1294 variis
1295 1235 1536 1297 autem
1597 1231 1796 1297 libris
1848 1250 1912 1297 v.
1942 1233 2025 1297 61.
2077 1231 2301 1298 SEECK
2345 1234 2524 1299 hanc
2568 1235 3114 1315 explicationem
3162 1236 3333 1301 colo-

770 1352 983 1414 natus
1030 1349 1317 1431 priginis
1364 1350 1571 1431 paulo
1618 1353 1969 1416 mutatam
2018 1351 2245 1417 denuo
2294 1352 2558 1433 recepit
2584 1348 2655 1429 ¹).
2703 1352 2917 1433 Cujus
2948 1353 3334 1436 disputatio

770 1468 907 1532 huc
980 1467 1124 1533 sere
1189 1468 1408 1533 redit:
1484 1468 1574 1532 M.
1648 1468 2015 1535 Aurelium
2087 1470 2350 1535 scimus
2421 1471 2948 1536 Marcomannos
3018 1471 3333 1537 devictos

771 1585 959 1649 intra
1011 1585 1186 1650 fines
1233 1586 1505 1667 imperii
1558 1586 1871 1652 Romano
1922 1587 2374 1653 collocavisse
2402 1585 2492 1670 2);
2543 1605 2633 1653 ex
2680 1588 2922 1653 eodem
2969 1588 3115 1654 fere
3163 1592 3332 1654 tem·

773 1720 935 1784 pore
1005 1705 1205 1769 nobis
1273 1704 1619 1769 traditum
1691 1707 1803 1769 est
1861 1706 2287 1787 rescriptum
2361 1705 2576 1770 Marci
2639 1710 2713 1771 et
2760 1706 3115 1772 Commodi
3138 1702 3214 1789 ⁸),
3264 1708 3332 1772 in

774 1838 907 1901 quo
979 1823 1242 1887 mentio
1312 1822 1393 1887 fit
1465 1822 1967 1902 inquilinorum
2039 1824 2343 1904 praediis
2388 1824 2944 1907 adhaerentium,
3003 1828 3217 1906 atque
3266 1827 3332 1892 id

770 1940 901 2005 tali
938 1941 1163 2018 mode,
1208 1943 1288 2005 ut
1330 1940 1536 2006 facile
1567 1945 1902 2023 appareat
1926 1942 2036 2022 agi
2061 1942 2145 2007 de
2171 1942 2504 2007 instituto
2529 1960 2816 2024 prorsus
2840 1960 3058 2024 novo;
3087 1944 3336 2023 quodsi

771 2060 900 2124 hae
968 2076 1079 2125 res
1140 2061 1615 2140 congruerunt
1677 2060 1799 2123 vix
1848 2060 2144 2125 fortuito
2194 2060 2260 2124 id
2309 2060 2577 2125 factum
2625 2061 2798 2126 erit:
2855 2062 3027 2144 „mit
3072 2061 3332 2127 Sicher-

772 2177 921 2242 heit
968 2177 1128 2242 darf
1167 2195 1327 2243 man
1380 2176 1810 2243 schliessen”
1839 2174 1892 2252 ⁴)
1939 2178 2469 2244 Marcomannos
2504 2178 2880 2244 collocatos
2910 2196 3065 2244 esse
3089 2180 3334 2245 eodem

771 2295 973 2361 modo
1022 2313 1157 2377 quo
1188 2296 1497 2381 „laetos”
1526 2295 1930 2374 GermanOS,
1956 2296 2240 2377 glaebae
2266 2296 2535 2362 scilicet
2557 2296 2957 2380 adstrictos,‚
2985 2300 3058 2362 et
3083 2298 3334 2363 deinde

771 2414 1146 2495 inquilinos
1215 2431 1370 2479 esse
1442 2418 1751 2479 vocatos
1831 2413 2209 2498 „Welchen
2282 2414 2450 2479 Sinn
2517 2415 2643 2479 das
2689 2414 2897 2480 Wort
2945 2415 3332 2497 inquilinus

771 2532 867 2597 im
937 2532 1198 2598 dritten
1271 2533 1754 2598 Jahrhundert
1824 2550 2332 2613 angenommen
2406 2535 2630 2615 hatte,
2676 2533 2865 2613 zeigt
2911 2534 3066 2598 eine
3113 2531 3334 2600 Stelle

768 2640 907 2716 des'
943 2651 1310 2717 Arnobius.
1340 2647 1395 2733 5)
1444 2651 1798 2717 Hiernach
1847 2652 1944 2716 ist
1991 2652 2111 2717 der
2157 2651 2507 2732 Inquiline
2553 2652 2663 2715 ein
2713 2650 2996 2716 Mensch
3047 2652 3168 2717 der
3202 2670 3333 2718 aus

764 2769 1078 2834 fremden
1137 2769 1455 2835 Landern
1506 2770 1905 2835 herkommt
1949 2769 2089 2834 und
2139 2769 2288 2835 sich
2335 2767 2466 2834 auf
2503 2769 2730 2834 einem
2781 2769 3014 2835 Boden
3065 2770 3331 2836 nieder·

767 2888 966 2971 laszt,
1018 2888 1142 2953 der
1188 2889 1330 2953 ihm
1378 2890 1580 2954 nicht
1625 2890 1873 2970 gehort
1899 2884 1972 2970 ⁶).

857 3006 1049 3072 Haec
1122 3008 1641 3088 argumentatio
1721 3011 1962 3072 autem
2045 3006 2215 3072 mihi
2285 3007 2566 3071 videtur
2626 3007 2933 3072 maxime
2992 3006 3327 3073 vacillare

763 3127 837 3191 et
911 3124 1320 3190 claudicare.
1358 3126 1551 3226 ..Tam
1619 3127 1868 3190 statim
1940 3127 2067 3191 hoc
2116 3125 2664 3208 animadvertaS,
2705 3141 2986 3208 quaeSO,
3036 3142 3191 3190 eam
3245 3143 3325 3191 eo

763 3247 1051 3309 tantum
1121 3243 1274 3326 niti,
1344 3243 1523 3323 quod
1598 3244 2253 3309 Marcomannorum
2325 3243 2689 3309 collocatio
2740 3245 2827 3308 ab
2876 3243 3164 3308 Aurelio
3215 3247 3331 3309 est

764 3363 955 3427 facta
1026 3365 1099 3427 et
1167 3362 1594 3443 rescriptum
1668 3379 1882 3443 supra
1946 3365 2412 3427 memoratum
2479 3362 2550 3425 in
2618 3361 2802 3426 idem
2850 3360 2993 3427 fere
3041 3363 3331 3443 tempus

764 3481 973 3592 cadit.
1051 3480 1328 3544 Etenim
1404 3497 1630 3560 neque
1697 3480 1965 3561 priores
2035 3480 2527 3545 collocationes
2600 3496 2824 3561 neque
2895 3480 3075 3544 hanc
3123 3480 3328 3546 collo·

833 3673 873 3741 ¹)
911 3672 1070 3729 O'r'ro
1109 3673 1326 3729 8116611.
1364 3673 1727 3729 Geschichte
1765 3672 1872 3727 des
1909 3671 2298 3741 Untergangs
2336 3672 2440 3727 der
2475 3672 2752 3727 Antiken
2795 3670 2958 3726 Welt
3003 3672 3024 3703 ²
3061 3671 3106 3726 Ι.
3128 3686 3183 3741 p.
3205 3673 3332 3728 404.

1371 3775 1500 3829 sqq.
1533 3761 1656 3816 578.
1694 3775 1821 3829 sqq.
2301 3797 2310 3808 .

977 3878 1028 3886 -
1182 3877 1241 3886 —
1370 3847 1478 3902 Die
1514 3846 2176 3915 Schatzungsordnung
2211 3845 2598 3901 Diocletiane.
2637 3845 2987 3901 zeitschrift
3015 3846 3112 3902 fiir
3131 3846 3325 3902 Social

940 4001 951 4014 ι
1371 3935 1495 3991 und
1534 3934 2298 4003 Wirtschaftsgeschichte.
2335 3932 2439 3989 IV.
2474 3948 2531 4002 p.
2569 3933 2691 3988 314.

972 4052 1035 4062 —
1184 4051 1237 4061 -
1368 4022 1475 4078 Die
1511 4022 2198 4090 Pachtbestimmungen
2237 4021 2406 4076 eines
2425 4020 2766 4076 romischen
2787 4019 2982 4075 Gutes
3004 4020 3070 4074 in
3091 4018 3327 4075 Afrika.

1367 4109 1655 4165 zeitschr.
1693 4108 1732 4163 f.
1769 4109 1898 4165 Soc.
1936 4109 2063 4164 und
2099 4108 2389 4164 Wirtsch.
2426 4107 2644 4164 Gesch.
2682 4106 2785 4161 IV.
2823 4121 2882 4176 p.
2918 4105 3042 4162 360.

1179 4227 1243 4235 —
1369 4211 1417 4251 s,
1453 4211 1508 4250 v.
1545 4197 1879 4252 colonatus
1919 4196 2083 4251 Real
2086 4197 2322 4252 lex1con
2362 4193 2942 4251 PAULY·W1ssowA.

833 4286 873 4349 ²)
910 4285 1109 4340 Julius
1147 4283 1537 4352 Capitolinus.
1573 4284 1808 4338 Marcus
1844 4284 1913 4338 22
1949 4284 2012 4339 et
2049 4284 2145 4352 24;
2184 4282 2426 4338 Cassius
2465 4282 2592 4337 Dio.
2633 4280 2852 4336 LXXI.
2894 4281 2978 4336 11.

836 4372 876 4441 ⁸)
914 4372 976 4427 L.
1016 4373 1135 4427 112.
1172 4371 1300 4439 Dig.
1339 4371 1541 4427 XXX.

832 4460 875 4524 ⁴)
914 4458 1465 4514 PAULY·WISSOWA
1505 4473 1552 4513 6.
1590 4472 1643 4514 v,
1682 4459 2017 4514 colonatus

834 4547 873 4614 ⁸)
911 4547 1135 4601 Arnob.
1188 4545 1236 4601 Ι.
1292 4547 1494 4601 12....
1550 4560 1732 4613 quare
1786 4545 2005 4600 habere
2053 4543 2104 4598 si
2159 4543 2356 4599 locum
2392 4545 2626 4599 vestras
2665 4544 2852 4598 vultis
2896 4541 3328 4610 querimoniae,

763 4633 1054 4696 homines,
1108 4632 1274 4702 prius
1327 4633 1439 4699 est,
1488 4635 1559 4687 ut
1597 4632 1871 4699 doceatiS,
1911 4630 2072 4686 unde
2111 4631 2201 4686 vel
2242 4633 2344 4699 qui
2381 4631 2534 4700 sitia,
2571 4632 2819 4685 vobisne
2857 4630 2939 4684 sit
2975 4629 3221 4696 genitus
3256 4630 3323 4683 et

762 4719 1090 4775 fabricatus
1127 4721 1395 4775 mundus
1429 4734 1507 4775 an
1542 4719 1606 4773 in
1643 4733 1784 4774 eum
1821 4718 2110 4774 veneritis
2146 4718 2360 4774 alienis
2395 4732 2471 4773 ex
2509 4717 2864 4786 regionibus
2899 4715 3195 4785 inquilini.

837 4807 877 4875 ο)
915 4807 1276 4863 Geschichte
1312 4807 1360 4863 I.
1396 4823 1451 4877 p.
1486 4807 1610 4862 582.
