3770 5738
1652 486 1739 551 89

406 682 669 748 tradita
714 684 904 763 sunt,
954 680 1026 747 in
1073 683 1333 749 falsum
1385 684 1532 748 sint
1578 686 1807 749 aucta.
1900 682 2034 749 Sed
2086 683 2242 748 dein
2292 701 2381 749 ex
2429 685 2581 766 ipso
2629 701 2708 750 eo
2756 685 2964 767 factO,

406 801 588 882 quod
659 800 1061 883 hujusmodi
1130 803 1534 884 possidendi
1610 804 1791 868 ratio
1842 805 2202 884 tamquam
2250 804 2534 869 morbus
2582 807 2655 868 et
2702 805 2966 868 malum

405 920 881 1004 impugnatur,
958 938 1082 1003 pro
1155 924 1346 986 certo
1411 920 1585 986 effici
1634 924 1873 1003 potest
1919 921 2012 1002 id,
2061 922 2385 1001 quamvis
2433 939 2669 1004 grave,
2726 925 2965 987 tamen

405 1038 775 1119 vulgatum
847 1056 982 1104 non
1037 1038 1276 1104 fuisse.
1368 1039 1446 1104 In
1497 1040 1837 1105 societate
1887 1040 2095 1122 enim,
2145 1039 2265 1103 ubi
2313 1057 2570 1120 11138113
2613 1041 2965 1121 possessio

402 1174 485 1222 ea
556 1158 735 1222 ratio
808 1158 1210 1238 possidendi
1282 1161 1414 1237 est,
1466 1175 1643 1238 quae
1715 1160 1919 1223 unice
1968 1160 2238 1240 regnet,
2290 1157 2361 1222 id
2411 1175 2549 1223 non
2598 1161 2965 1240 tamquam

402 1275 669 1340 malum
739 1277 988 1341 sentiri
1035 1279 1291 1357 potest.
1390 1278 1752 1342 Postremo
1802 1277 2158 1342 observari
2207 1277 2375 1342 licet
2415 1277 2599 1342 tales
2646 1278 2968 1358 querelas

401 1410 818 1474 unoquoque
888 1393 1030 1458 fere
1104 1395 1383 1459 saeculo
1457 1395 1681 1460 denuo
1743 1395 2007 1475 audiri;
2083 1395 2323 1475 itaque
2393 1412 2669 1476 semper
2739 1396 2964 1461 denuo

402 1513 602 1593 copia
671 1515 826 1577 erat
895 1514 995 1577 utw
1048 1513 1231 1577 malo
1304 1514 1690 1578 cederetur.
1788 1513 2116 1594 Legimus
2185 1530 2341 1579 eam
2411 1514 2635 1596 primo
2685 1514 2963 1579 saeculo

401 1632 584 1712 apud
658 1630 1031 1696 Senecam:
1113 1632 1521 1715 „Quousque
1592 1633 1768 1698 fines
1838 1632 2362 1714 possessionum
2433 1634 2966 1713 propagabitis?

403 1750 591 1830 Ager
664 1751 784 1814 uni
855 1749 1134 1815 domino
1205 1751 1323 1830 qui
1395 1751 1727 1832 populum
1781 1751 1968 1833 cepit
2014 1753 2361 1831 angustus
2409 1754 2539 1816 est.
2591 1751 2964 1833 Quousque

400 1868 761 1933 arationes
837 1871 1115 1933 vestras
1186 1869 1582 1950 porrigetis,
1651 1886 1741 1934 ne
1802 1870 2326 1951 provinciarum
2374 1869 2603 1950 spatio
2650 1870 2963 1934 contenti

404 1986 974 2051 circumscribere
1016 1987 1487 2067 praediorum
1530 1988 1867 2053 modum?
1961 1987 2380 2052 Inlustrium
2427 1987 2796 2052 fluminum
2842 2005 2966 2070 per

403 2098 763 2186 privatum
811 2104 1149 2170 decursus
1197 2107 1308 2170 est
1355 2109 1427 2171 et
1475 2123 1718 2171 amnes
1765 2108 2001 2188 magni
2048 2122 2598 2186 magnarumque
2646 2106 2965 2186 gentium

403 2224 692 2289 termini
762 2240 983 2305 usque
1053 2224 1140 2288 ad
1214 2224 1477 2289 ostium
1546 2241 1589 2288 a
1658 2225 1853 2290 fonte
1926 2225 2147 2290 vestri
2204 2227 2397 2289 sunt.
2493 2224 2645 2289 Hoc
2692 2242 2963 2306 quoque

402 2359 653 2423 parum
722 2344 834 2407 est
904 2342 1037 2406 nisi
1100 2342 1496 2408 latifundiis
1542 2344 1803 2408 vestris
1849 2344 2072 2408 maria
2116 2342 2464 2407 cinxistiS.
2560 2342 2714 2408 Nisi
2764 2345 2963 2408 trans

404 2460 742 2524 Hadriam
812 2463 885 2525 et
955 2460 1225 2525 Ionium
1291 2462 1788 2542 Aegaeumque
1834 2465 2073 2527 vester
2120 2461 2400 2526 villicus
2447 2464 2715 2541 regnat.
2811 2460 2961 2526 Nisi

405 2578 696 2657 incolae,
778 2578 1036 2643 ducum
1122 2580 1476 2644 domicilia
1547 2597 1981 2661 magnorum,
2054 2580 2243 2645 inter
2312 2579 2659 2644 vilissima
2727 2596 2962 2644 rerum

403 2699 888 2762 numerantur.
987 2697 1206 2779 Quam
1258 2698 1479 2763 vultis
1526 2699 1670 2763 late
1718 2697 2092 2780 possidete.
2149 2696 2259 2763 Sit
2305 2696 2566 2763 fundus
2614 2698 2797 2779 quod
2845 2698 2962 2764 ali·

400 2816 675 2899 quando
723 2816 1096 2897 imperium
1145 2818 1551 2883 vocabatur.
1624 2816 1865 2883 Facite
1913 2821 2235 2883 vestrum
2275 2817 2611 2898 quidquid
2638 2817 2962 2900 potestis,

401 2935 569 3000 dum
618 2935 777 3016 plus
830 2935 928 3000 sit
971 2934 1229 3000 alieni’'
1258 2932 1328 3013 1).
1379 2935 1707 3016 Legimus
1732 2953 1884 3001 eam
1913 2937 2115 3001 initio
2142 2936 2403 3001 saeculi
2437 2936 2750 3017 secundi,
2776 2936 2961 3018 apud

398 3053 853 3118 Juvenalem:

634 3172 925 3256 „crescit
972 3189 1168 3238 amor
1213 3174 1501 3254 nummi,
1551 3175 1897 3253 quantum
1943 3174 2096 3254 ipsa
2145 3174 2441 3255 pecunia
2487 3173 2730 3254 crevit,

627 3292 699 3355 et
745 3291 979 3355 minus
1025 3292 1204 3356 hanc
1252 3293 1452 3372 optat
1499 3292 1617 3373 qui
1669 3308 1807 3356 non
1855 3292 2090 3356 habet.
2169 3292 2346 3372 Ergo
2395 3293 2683 3372 paratur

625 3407 850 3473 altera
901 3408 1073 3473 villa
1119 3408 1275 3490 tibi,
1326 3427 1485 3473 cum
1535 3426 1656 3474 rus
1705 3426 1841 3474 non
1891 3393 2149 3475 Sufficit
2198 3426 2439 3491 unum,

510 3518 518 3525 ’
626 3528 698 3591 31
744 3526 1050 3608 proferre
1097 3526 1271 3592 libet
1324 3526 1499 3592 fines
1545 3527 1903 3609 majorque
1951 3528 2234 3593 videtur

623 3646 697 3709 et
744 3644 988 3710 melior
1036 3645 1270 3710 vicina
1316 3662 1538 3728 33833,
1587 3648 1921 3711 1113103113
1970 3650 2043 3711 31
2089 3647 2268 3710 113110
2317 3648 2390 3711 31

621 3764 912 3828 arbusta
952 3766 1025 3828 et
1069 3763 1286 3829 densa
1332 3766 1645 3830 montem
1693 3765 1812 3846 qui
1861 3767 2069 3830 canet
2121 3764 2327 3829 oliva.

629 3915 2728 3929 ———-———-———-—-—--———

472 4146 589 4202 Alii
625 4146 734 4202 loci
773 4147 845 4203 de
881 4148 1211 4216 maioribus
1246 4149 1725 4216 possessionibus
1762 4149 1935 4203 sunt:

473 4232 797 4290 Columella
848 4234 894 4289 Ι.
948 4235 1121 4291 8....
1160 4235 1262 4304 qui
1318 4236 1629 4304 possident
1679 4235 1833 4290 fines
1888 4235 2161 4303 gentium
2216 4249 2367 4303 quos
2423 4235 2739 4303 exemptos
2793 4246 2956 4287 nexu

410 4318 627 4376 civium
664 4323 726 4376 et
762 4321 1082 4390 ergastulis
1120 4323 1349 4378 tenent.

469 4406 616 4464 Plin.
671 4408 809 4464 Nat.
862 4409 1019 4465 Hist.
1076 4408 1303 4464 XVIII.
1357 4409 1410 4464 7.
1463 4409 1585 4464 Sex
1638 4407 1864 4464 domini
1902 4408 2218 4464 semissem
2278 4408 2516 4465 Africae
2554 4407 2957 4478 possidebant,

405 4506 538 4551 cum
572 4495 879 4552 interfecit
915 4511 1017 4552 eos
1052 4496 1210 4552 Nero
1249 4497 1543 4566 princepS.

469 4584 757 4653 Aggenus
810 4583 1085 4651 UrbicuS,
1139 4583 1470 4639 Comment.
1526 4584 1599 4638 de
1648 4584 1917 4638 controv.
1971 4597 2094 4652 agr.
2133 4583 2223 4638 ed.
2263 4583 2637 4638 LAcmurm.
2674 4597 2727 4651 p.
2759 4582 2846 4638 85.
2884 4581 2955 4637 In

402 4667 613 4734 Africa,
650 4671 750 4726 ubi
791 4671 983 4726 saltus
1022 4686 1140 4726 non
1178 4671 1441 4726 minores
1478 4671 1705 4725 habent
1742 4670 1964 4738 privati
2001 4684 2185 4739 quam
2223 4685 2318 4726 res
2355 4670 2626 4739 publicae
2643 4669 2954 4725 territoria.

404 4753 555 4821 Quin
594 4759 715 4814 imo
754 4757 930 4813 multi
966 4757 1164 4813 saltus
1200 4759 1374 4827 longe
1411 4759 1668 4826 majores
1704 4758 1853 4812 sunt
1888 4758 2226 4813 territoriis,

475 4845 514 4908 ¹)
550 4845 794 4901 Seneca.
830 4844 1017 4913 Epist.
1052 4845 1138 4901 89.
1178 4846 1260 4900 18.
