3770 5738
1730 466 1769 528 7

469 661 647 726 tium
698 660 770 724 P.
822 660 895 725 P.
949 660 1402 745 Galliarum);
1453 662 1602 727 veri
1654 663 1871 743 igitur
1924 664 2153 728 simile
2203 664 2486 728 videtur
2534 664 2799 729 eisdem
2846 682 3033 730 man-

467 780 709 844 datum
779 795 935 845 esse
1003 779 1206 860 Jussa
1270 779 1445 859 legis
1508 781 1781 860 exequi.
1836 781 1998 847 Alio
2054 781 2202 846 loco
2253 782 2425 863 ipsis
2475 783 2708 848 verbis
2755 784 3031 865 provin-

470 898 592 961 ciis
661 898 1143 979 praesidentes
1204 897 1292 964 ad
1355 899 1425 963 id
1474 899 1934 980 designantur
1961 895 2031 976 ¹).
2105 898 2177 964 Si
2227 900 2513 964 colonus
2561 901 2910 981 fugitivus
2960 903 3031 966 in

468 1015 601 1080 alia
647 1015 1013 1098 provincia
1060 1019 1387 1081 versatur
1433 1034 1514 1081 ac
1562 1035 1770 1098 quam
1821 1018 1970 1098 ipse
2018 1016 2265 1083 incolit
2309 1035 2592 1099 praeses
2637 1019 2846 1100 huJus
2885 1037 3032 1101 pro-

471 1134 740 1199 vinciae
803 1133 1031 1199 literis
1100 1133 1397 1215 publicis
1467 1151 1542 1199 se
1612 1137 1850 1199 vertat
1912 1136 1998 1200 ad
2051 1135 2387 1216 collegam
2436 1153 2646 1201 suum
2696 1139 2776 1201 ut
2822 1137 3032 1202 tradi·

471 1253 732 1318 tionem
805 1252 1091 1332 fugitivi
1163 1253 1499 1335 impetret
1523 1249 1597 1335 2).
1691 1252 1903 1318 Nulla
1971 1254 2335 1318 excusatio
2407 1254 2602 1319 valet
2669 1255 2755 1319 ad
2812 1256 3038 1336 probi»

471 1370 775 1435 bendum
872 1371 1246 1450 quominus
1348 1375 1789 1453 revertatur3
1900 1372 2154 1436 deletis
2236 1373 2559 1437 omnibus
2625 1373 3033 1457 privilegiiS,

471 1489 720 1570 quibus
786 1489 968 1553 forte
1041 1506 1457 1570 quocunque
1531 1489 1730 1555 modo
1800 1490 2074 1572 potitus
2141 1493 2274 1571 est,
2341 1491 2620 1556 domino
2673 1508 2754 1556 ac
2804 1496 3033 1556 terrae

469 1606 801 1672 reddatur
825 1603 894 1683 3).
970 1607 1208 1688 Neque
1258 1607 1471 1689 juvat
1541 1624 1661 1673 eos
1724 1609 2120 1689 confugisse
2164 1608 2252 1672 ad
2302 1608 2602 1673 officium
2649 1609 3031 1689 quoddam:

471 1742 628 1790 cum
697 1725 938 1790 liberis
1008 1729 1082 1790 et
1152 1726 1527 1807 nepotibus
1597 1728 2080 1807 exposcuntur
2106 1721 2176 1802 ⁴).
2280 1726 2634 1807 Imprimis
2704 1726 3032 1793 militiam

469 1843 900 1925 quibuslibet
962 1844 1293 1925 gradibus
1363 1847 1596 1909 actam
1673 1862 1811 1910 non
1884 1846 1972 1910 ab
2042 1844 2500 1909 adhaerentia
2546 1844 2843 1910 liberare
2893 1862 3035 1911 sae-

471 1962 757 2043 pissime
825 1963 1280 2027 renuntiatur
1310 1957 1384 2044 5).
1482 1963 1716 2027 Etiam
1787 1963 1908 2043 qui
1978 1962 2063 2028 ad
2134 1963 2494 2028 cohortem
2556 1965 3036 2045 protectorum

542 2112 580 2177 ¹)
617 2112 679 2166 L.
731 2112 783 2166 6.
837 2109 952 2166 O.J.
1007 2111 1116 2167 XI.
1174 2110 1261 2166 48.
1319 2110 1545 2167 Omnes
1600 2113 1847 2167 omnino
1892 2111 2180 2179 fugitivos
2216 2111 2629 2179 adscripticios
2664 2112 2904 2167 colonos
2945 2112 3035 2167 vel

471 2198 795 2267 inquilinos
847 2199 978 2253 sine
1034 2198 1159 2254 ullo
1196 2213 1382 2254 sexus
1418 2200 1689 2254 muneris
1725 2199 2214 2267 condicionisque
2251 2198 2597 2253 discrimine
2634 2198 2709 2253 ad
2755 2199 3037 2267 antiquos

471 2288 735 2354 penates,
790 2285 889 2341 ubi
946 2286 1164 2340 censiti
1216 2288 1397 2355 atque
1451 2287 1688 2342 educati
1742 2287 1989 2356 natique
2044 2286 2211 2355 sunt,
2260 2285 2584 2354 provinciis
2631 2286 3038 2354 praesidentes

476 2373 664 2428 redire
702 2373 1085 2442 compellant.

543 2461 581 2523 ²)
617 2460 767 2515 Nov.
803 2459 961 2515 Just.
984 2458 1182 2514 XVII.
1201 2459 1338 2528 Cap.
1362 2459 1427 2514 14
1433 2501 1585 2515 .....
1624 2460 1686 2515 Si
1704 2475 1844 2516 vero
1864 2461 1926 2515 in
1947 2460 2081 2515 aliis
2098 2460 2422 2529 provinciis
2441 2459 2731 2528 agricolae
2754 2459 3040 2515 dicuntur

470 2561 601 2602 esse
654 2546 989 2617 constit-uti,
1043 2547 1234 2601 literis
1271 2547 1462 2601 uteris
1496 2544 1751 2616 publicis
1786 2547 1861 2602 ad
1899 2547 2343 2615 provinciarum
2380 2546 2700 2616 praesideS‚
2740 2548 2810 2602 ut
2842 2546 2906 2601 in
2937 2561 3039 2602 eas

468 2635 767 2703 fugientes
804 2633 1094 2702 agricolas
1131 2634 1492 2689 confitentes
1525 2635 1635 2689 aut
1669 2634 1978 2690 convictos
2016 2634 2260 2689 tradant
2296 2633 2744 2703 possessoribus
2787 2636 2851 2689 et
2879 2649 3038 2690 revo-

468 2724 682 2777 centur
718 2722 790 2777 ad
831 2721 1201 2791 provinciam
1240 2722 1338 2776 cui
1373 2722 1676 2790 praesides
1701 2763 1855 2777 .....

533 2809 574 2876 θ)
612 2809 673 2863 L.
713 2808 796 2863 11.
832 2808 947 2863 G.J.
986 2807 1093 2863 XI.
1128 2808 1215 2863 48.
1251 2808 1615 2877 originarios
1652 2809 1895 2864 colonos
1934 2807 2120 2863 nullis
2155 2807 2499 2885 privilegiiS,
2538 2808 2708 2863 nulla
2728 2808 3038 2877 dignitate,

467 2897 631 2953 nulla
666 2911 888 2951 census
924 2897 1284 2952 auctoritate
1321 2897 1600 2952 excusari
1635 2896 2053 2966 praecipimuS,
2090 2897 2195 2950 sed
2218 2897 2554 2965 amputatis
2568 2897 2866 2965 omnibus,
2887 2910 3039 2965 quae

464 2984 825 3053 aliquotiens
861 2998 965 3053 per
998 2984 1256 3051 gratiam
1293 2984 1443 3039 sunt
1475 2983 1693 3053 elicita,
1730 2984 1972 3038 domino
2009 2983 2105 3038 vel
2140 2983 2326 3038 fundo
2362 2998 2494 3038 esse
2533 2983 2882 3039 reddendos,

529 3071 576 3138 ⁴)
617 3071 679 3125 L.
715 3070 763 3125 3.
804 3069 919 3125 C.J.
957 3070 1064 3127 XI.
1100 3071 1185 3126 68.
1225 3070 1393 3125 Servi
1429 3071 1611 3139 atque
1651 3070 1865 3139 coloni,
1904 3071 2087 3125 etiam
2125 3085 2333 3125 eorum
2372 3070 2478 3125 filii
2516 3070 2610 3124 vel
2649 3073 2918 3140 nepotes,
2938 3071 3034 3125 vel

465 3158 828 3225 quicumque
866 3157 938 3212 de
975 3156 1180 3212 fundis
1215 3172 1284 3212 ac
1320 3158 1803 3226 possessionibus
1840 3159 2066 3213 nostris
2102 3157 2376 3213 clanculo
2412 3158 2487 3212 ad
2525 3157 2720 3212 officia
2768 3158 3035 3213 convola-

465 3245 662 3299 verint
698 3244 950 3312 diversa‚
987 3244 1335 3311 reddantur,
1374 3245 1610 3299 etiamsi
1646 3247 1914 3299 armatae
1938 3245 2262 3299 habuerint
2281 3247 2661 3299 sacramenta
2683 3245 2950 3300 militiae.
2979 3276 3030 3283 -

464 3331 524 3384 L.
561 3332 610 3385 1.
648 3329 708 3386 G.
743 3330 796 3385 J.
835 3331 941 3385 XI.
976 3331 1063 3385 64.
1103 3330 1477 3399 Quicumque
1503 3331 1737 3399 parvuli
1766 3345 1843 3386 ex
1865 3331 2274 3400 municipibus
2293 3331 2388 3386 vel
2409 3331 2637 3386 colonis
2656 3331 3036 3400 patrimonia-

461 3416 620 3473 libus
672 3420 781 3472 aut
837 3418 1270 3487 saltuensibuS,
1324 3433 1580 3488 quorum
1635 3420 1840 3473 tamen
1889 3420 1983 3474 avi
2020 3433 2088 3473 ac
2125 3419 2326 3488 patres
2361 3418 2651 3487 implicati
2688 3419 3036 3494 huJusmodi

461 3503 873 3560 functionibus
908 3504 1150 3574 fuerint,
1188 3505 1529 3560 coniventia
1566 3505 1844 3560 militaris
1879 3505 2059 3561 officii
2096 3505 2170 3561 ad
2208 3506 2582 3574 stipendium
2615 3509 2922 3560 castrense
2942 3505 3038 3560 vel

461 3590 654 3647 officia
690 3591 926 3647 diversa
962 3592 1333 3661 transierint,
1370 3591 1443 3647 ad
1483 3607 1738 3648 munera
1773 3593 2000 3661 patriae
2038 3592 2133 3647 vel
2170 3607 2448 3662 agrorum
2498 3592 2701 3647 cultus
2720 3591 3038 3647 conventis

461 3679 716 3734 ducibus
752 3679 1014 3734 tribunis
1049 3694 1117 3734 ac
1155 3680 1508 3748 praepositis
1544 3682 1907 3735 revocentur
1943 3693 2137 3748 neque
2175 3680 2272 3734 his
2307 3680 2540 3747 prosint
2575 3679 2892 3746 stipendia.

530 3766 572 3831 ⁸)
608 3766 670 3822 L.
709 3766 758 3821 3.
798 3766 857 3822 C.
896 3766 947 3820 J.
985 3765 1094 3821 XI.
1129 3767 1215 3822 64.
1254 3765 1703 3835 cujuscumque
1742 3768 2152 3822 adnotationis
2188 3766 2285 3821 vel
2324 3767 2551 3821 oraculi
2590 3766 2819 3821 dudum
2852 3765 3035 3835 impe-

460 3853 601 3907 trati
656 3853 751 3908 vel
789 3854 998 3922 postea
1033 3854 1307 3909 eliciendi
1344 3855 1709 3909 auctoritate
1749 3854 2033 3909 submota
2068 3868 2298 3920 omnes,
2335 3868 2486 3921 quos
2523 3853 2627 3920 pat
2663 3852 3036 3922 'monialium

458 3955 739 4008 agrorum
798 3941 1058 3996 vinculis
1110 3941 1358 3997 fortuna
1394 3943 1566 3997 tenet
1617 3942 1957 4009 adstrictoS,
2009 3941 2123 3996 sub
2160 3940 2532 4009 quibuslibet
2567 3954 2603 4006 g
2637 3940 2851 3994 adibus
2889 3940 3037 3994 mili·

458 4029 657 4082 tantes
712 4028 785 4083 ad
846 4028 1185 4096 provinciae
1244 4028 1636 4085 moderatoris
1681 4029 1981 4096 judicium
2030 4028 2165 4083 ilico
2202 4028 2316 4083 sub
2352 4027 2567 4082 idonea
2605 4027 3037 4081 intercessione

462 4115 802 4170 mittentur.
847 4145 899 4154 --
944 4115 1006 4169 L.
1042 4116 1092 4169 4.
1131 4114 1195 4171 C.
1227 4116 1280 4171 J.
1318 4115 1426 4170 XI.
1462 4115 1548 4170 63.
1586 4115 1777 4184 Super
1812 4115 2326 4185 patrimonialium
2365 4113 2685 4168 refectione
2707 4112 3034 4168 fundorum

459 4201 687 4256 dudum
727 4201 955 4257 nostris
991 4204 1086 4256 est
1121 4202 1355 4270 legibus
1392 4203 1817 4270 constitutum,
1857 4205 1927 4257 ut
1962 4203 2020 4272 ii,
2058 4203 2158 4270 qui
2196 4216 2299 4256 eos
2320 4201 2587 4255 colentes
2608 4199 2806 4255 solum
2829 4214 3036 4255 eorum

461 4290 779 4356 verterant,
842 4303 1008 4344 nunc
1065 4289 1184 4345 alia
1240 4289 1371 4345 loca
1427 4290 1775 4358 deligenteS,
1840 4304 2003 4344 nunc
2058 4290 2130 4344 ad
2189 4287 2465 4344 militiam
2517 4286 2926 4356 convolanteS‚
2962 4287 3037 4342 ad

461 4375 648 4430 avitas
693 4376 1074 4432 condiciones
1109 4379 1172 4432 et
1206 4377 1440 4447 propria
1469 4378 1609 4446 jnra
1646 4380 2020 4433 revocentur.
2060 4408 2120 4415 —
2164 4377 2226 4431 L.
2260 4376 2307 4429 1.
2346 4377 2405 4429 O.
2444 4375 2495 4429 J.
2534 4374 2668 4430 VII.
2706 4375 2789 4430 38,
2829 4374 3038 4444 Saepe·

466 4477 712 4518 numero
750 4465 1138 4533 praeceptum
1176 4466 1288 4532 est,
1322 4467 1392 4520 ut
1413 4465 1569 4520 servi
1597 4468 1777 4533 atque
1797 4464 2012 4530 liberti,
2035 4463 2344 4531 colonique
2368 4463 2676 4531 praeterea
2694 4463 2776 4517 rei
2798 4465 3038 4518 nostrae

466 4562 696 4605 necnon
732 4552 914 4606 etiam
955 4564 1165 4607 eorum
1185 4552 1430 4607 suboles
1449 4566 1516 4606 ac
1539 4554 1809 4620 nepotes,
1833 4552 2200 4620 quicumque
2221 4550 2293 4604 de
2314 4550 2538 4604 nostris
2557 4549 3039 4617 possessionibus

466 4636 854 4692 recessissent
908 4652 977 4692 ac
1033 4652 1097 4692 se
1134 4638 1209 4693 ad
1249 4639 1484 4694 diversa
1522 4638 1769 4693 militiae
1807 4653 2033 4706 genera
2068 4636 2485 4704 contulissent,
2524 4636 2784 4705 cingulo,
2821 4636 2883 4691 in
2921 4650 3040 4704 qua

475 4721 856 4790 obrepserant
890 4724 1322 4795 fraudulenter,
1359 4725 1550 4792 exuti,
1585 4726 1636 4780 si
1674 4726 1747 4779 ad
1786 4726 2018 4793 aliquas
2056 4724 2310 4779 fortasse
2344 4723 2830 4778 transcenderint
2851 4722 3034 4791 digni·

479 4808 643 4881 tates,
678 4813 844 4868 omni
885 4814 1171 4883 temporis
1207 4813 1556 4869 definitione
1592 4814 1893 4882 submota,
1931 4814 2136 4868 nostro
2172 4811 2533 4881 patrimonio
2559 4811 2971 4866 redderentur.
