3770 5738
2025 458 2152 524 162

790 675 873 724 ea
922 657 1076 740 ipsa
1123 657 1359 739 gravis
1409 656 1545 739 leX,
1601 673 1738 738 qua
1787 656 2248 723 adhaerentia
2270 657 2544 739 publice
2570 661 3076 739 agnoscebatur
3102 696 3184 706 —
3212 678 3344 741 qua

785 794 861 841 re
914 776 1229 857 profecto
1269 775 1408 857 juS,
1459 774 1643 856 quod
1691 791 1913 856 usque
1959 776 2046 840 ad
2096 775 2268 840 illud
2294 778 2577 857 tempus
2597 777 2851 860 fuerat,
2884 777 3067 843 haud
3094 778 3342 859 exigue

786 894 1319 975 infringebatur,
1396 929 1482 942 —
1553 893 1880 975 periisset
1950 896 2077 960 aut
2146 894 2217 958 in
2290 894 2741 961 collectiones
2787 896 3020 977 legum
3066 898 3341 977 recepta

788 1029 924 1078 non
996 1014 1203 1078 esset.
1280 1012 1469 1094 Quae
1538 1011 1913 1078 difficultas
1984 1029 2065 1078 eo
2114 1013 2339 1094 magis
2389 1016 2615 1096 urget,
2666 1015 2726 1079 si
2777 1018 3011 1079 tecum
3058 1016 3340 1097 reputas

784 1148 944 1196 oum
991 1109 1286 1212 primam
1335 1131 1559 1212 legem
1605 1130 1966 1213 traditam,
2018 1132 2089 1196 in
2138 1148 2278 1211 qua
2324 1135 2515 1197 certo
2563 1133 2825 1198 certius
2849 1133 3340 1198 adhaerentiae

785 1249 1048 1314 mentio
1095 1249 1197 1331 fit,
1246 1266 1429 1315 anno
1478 1249 1608 1314 332
1658 1266 1832 1325 esse,
1882 1253 2038 1314 tum
2088 1266 2272 1315 anno
2324 1252 2452 1315 247
2505 1250 2730 1316 adhuc
2771 1252 3077 1317 vetitum
3101 1251 3337 1335 misse,

784 1367 1109 1449 quamvis
1177 1371 1419 1449 aperte
1489 1384 1638 1432 mos
1707 1369 1921 1450 esset,
1994 1368 2275 1434 colonos
2345 1369 2417 1433 vi
2487 1370 2826 1452 retinere;
2899 1370 3135 1452 itaque
3185 1387 3337 1435 eam

780 1486 1024 1569 legem,
1074 1486 1146 1550 in
1195 1502 1334 1566 qua
1378 1484 1836 1551 adhaerentia
1887 1503 2025 1550 non
2073 1486 2300 1551 solum
2329 1503 2681 1570 concessa,
2707 1487 2829 1553 sed
2855 1487 3069 1553 etiam
3093 1490 3339 1552 sancta

779 1604 898 1687 sit,
970 1604 1161 1670 nullo
1234 1604 1435 1668 modo
1487 1603 1606 1668 diu
1655 1606 1825 1669 ante
1874 1604 2007 1669 332
2058 1604 2571 1685 promulgatam
2621 1622 2776 1671 esse
2826 1605 3174 1687 potuisse3
3224 1604 3335 1670 cui

779 1723 880 1788 rei
928 1723 1056 1788 hoc
1108 1739 1379 1805 quoque
1423 1722 1776 1804 convenit,
1826 1722 2007 1803 quod
2058 1723 2126 1787 in
2170 1722 2608 1803 legislatione
2631 1705 3046 1789 Diocletiani
3072 1726 3145 1788 et
3170 1722 3335 1789 Con—

775 1841 1076 1906 stantini
1149 1840 1302 1922 eJus
1371 1841 1759 1905 necessitas
1827 1840 2164 1921 explicari
2235 1843 2494 1923 potest.
2563 1841 2956 1923 Unicuique
3004 1840 3334 1924 opinioni,

775 1976 953 2040 quae
1023 1958 1302 2024 defendi
1372 1976 1510 2023 non
1583 1959 1809 2041 possit
1878 1959 2018 2024 nisi
2082 1958 2200 2024 lex
2245 1959 2481 2041 aliqua
2526 1960 2815 2042 periisse
2863 1959 3335 2041 existimetur,
3443 2033 3457 2047 ·

775 2093 914 2158 qua
985 2078 1256 2159 proprie
1327 2077 1783 2143 adhaerentia
1843 2078 1915 2141 in
1977 2076 2097 2158 jus
2141 2078 2499 2159 publicum
2545 2079 2643 2143 sit
2689 2081 2993 2161 recepta,
3041 2079 3169 2143 hoc
3213 2077 3334 2142 im·

773 2196 1016 2277 primis
1064 2196 1322 2279 obstat,
1371 2195 1551 2276 quod
1602 2213 1849 2279 parum
1897 2195 2253 2277 probabile
2291 2199 2402 2261 est
2425 2196 2642 2261 talem
2667 2196 2891 2277 legem
2916 2213 2995 2262 eo
3019 2198 3333 2277 tempore

772 2313 992 2379 latam
1040 2313 1353 2396 periisse,
1405 2330 1539 2394 quo
1588 2315 1699 2379 tot
1750 2313 1932 2378 aliae
1982 2299 2170 2395 leges
2221 2330 2399 2393 quae
2429 2314 2512 2378 de
2537 2314 2746 2379 rebus
2771 2313 3087 2394 cognatis
3112 2316 3335 2393 agunt

774 2434 1014 2498 tamen
1084 2435 1411 2498 servatae
1465 2434 1657 2497 sunt.
1750 2432 1828 2497 Id
1875 2432 2130 2515 ipsum,
2181 2431 2363 2513 quod
2410 2433 2866 2497 adhaerentia
2913 2448 3331 2513 magnopere

769 2551 1054 2632 infregit
1113 2551 1515 2616 libertatem
1563 2550 1946 2633 hominum,
1996 2567 2172 2630 quae
2221 2550 2340 2615 diu
2389 2550 2623 2615 verbis
2668 2551 2926 2615 saltem
2973 2552 3048 2616 et
3091 2549 3323 2631 specie

767 2670 984 2734 etiam
1029 2669 1314 2751 mansit,
1341 2686 1470 2734 nos
1494 2668 1783 2734 adducit
1807 2671 1890 2733 ut
1912 2670 2367 2750 suspicemur,
2394 2669 2979 2750 quemadmodum
3003 2667 3324 2733 videmus

767 2789 947 2854 hanc
992 2788 1461 2853 mutationem
1508 2787 1577 2851 in
1634 2787 1843 2852 factis
1889 2805 1977 2852 ex
2024 2787 2265 2871 parvis
2314 2787 2540 2852 initiis
2586 2789 2834 2871 ortam,
2882 2785 3318 2869 pedetentim

764 2907 1345 2989 progredientem,
1394 2906 1585 2972 lente
1635 2907 1961 2987 crevisse,
2018 2907 2120 2972 sic
2145 2923 2232 2971 ne
2258 2907 2329 2971 in
2350 2906 2508 2988 J’ure
2540 2906 2815 2989 publico
2840 2906 3122 2987 quidem
3146 2904 3320 2970 exti-

764 3025 937 3090 tisse
985 3024 1403 3090 subitariam
1449 3025 1523 3089 et
1571 3025 2060 3090 vehementem
2108 3026 2598 3107 mutationem,
2641 3025 2866 3107 qualis
2890 3024 3080 3090 facta
3105 3024 3318 3106 esset,

763 3143 820 3208 si
871 3159 991 3224 per
1037 3143 1261 3224 legem
1308 3142 1659 3224 publicam
1706 3144 1941 3208 subito
1988 3144 2118 3209 hoc
2165 3161 2426 3209 novum
2462 3143 2582 3225 jus
2606 3146 2797 3209 esset
2820 3143 3316 3209 constitutum.

855 3261 1286 3343 Quamquam
1334 3260 1539 3325 initio
1588 3260 1841 3327 locatio
1891 3262 1961 3326 in
2004 3262 2562 3343 quinquennium
2610 3262 2939 3343 inibatur,
2968 3278 3118 3326 mos
3142 3262 3316 3342 erat,

761 3378 986 3459 cred0,
1056 3378 1337 3445 colonos
1407 3380 1475 3443 in
1548 3397 1680 3446 usu
1753 3380 2103 3445 cotidiano
2171 3380 2396 3447 multo
2466 3380 2736 3445 diutius
2805 3380 2876 3444 in
2935 3380 3120 3461 agris
3167 3378 3315 3444 suis

761 3514 1202 3579 permanere:
1275 3498 1687 3581 plerumque
1733 3498 2017 3580 utrique
2063 3500 2249 3580 parti
2297 3499 2365 3563 id
2417 3499 2877 3563 utilissimum
2924 3499 3097 3563 erat.
3145 3497 3188 3562 J
3194 3512 3315 3562 ure

759 3617 980 3681 tacita
1027 3616 1469 3683 continuatio
1511 3617 1880 3683 locationis
1926 3618 2440 3698 agnoscebatur
2466 3612 2535 3693 ¹).
2585 3616 2810 3698 Supra
2851 3616 2996 3698 jam
3029 3616 3314 3698 inscrip-

758 3736 989 3801 tiones
1035 3735 1361 3801 laudatae
1407 3738 1598 3817 sunt,
1650 3735 1997 3816 sepulcris
2044 3736 2327 3817 incisae,
2376 3735 2446 3800 in
2496 3736 2749 3817 quibus
2793 3735 2998 3814 longa
3021 3750 3312 3801 commo·

757 3854 937 3919 ratio
1000 3854 1070 3918 in
1145 3871 1283 3920 uno
1354 3854 1731 3934 eodemque
1796 3854 2081 3936 praedio
2128 3855 2646 3920 memorabatur
2672 3849 2762 3937 2);
2818 3854 2996 3917 hanc
3045 3869 3312 3918 moram

757 3972 1229 4037 voluntariam
1275 3972 1492 4037 fuisse
1540 3989 1627 4038 ex
1675 3989 1755 4038 eo
1797 3971 1947 4053 Jam
1990 3976 2304 4055 apparet,
2325 3972 2507 4053 quod
2534 3972 2606 4036 in
2633 3971 2948 4053 sepulcro
2975 3970 3310 4053 defuncti,

754 4093 1120 4170 tamquam
1186 4108 1310 4172 pro
1380 4090 1607 4172 laude,
1677 4107 1719 4155 a
1768 4090 2184 4156 necessariis
2232 4091 2556 4155 traditur.
2655 4088 3037 4155 Columella
3082 4089 3312 4155 suasit

745 4208 1139 4290 possessori
1185 4210 1268 4273 ut
1315 4210 1658 4289 quantum
1707 4210 1987 4289 poterat
2034 4207 2315 4274 eosdem
2358 4208 2638 4275 colonos
2682 4208 3042 4289 retineret,
3085 4208 3186 4273 ita
3223 4210 3309 4273 ut

821 4473 862 4540 ¹)
898 4474 959 4529 L.
998 4474 1082 4529 16.
1119 4473 1177 4529 G.
1213 4474 1267 4529 J.
1302 4434 1404 4529 IV.
1438 4474 1508 4529 65
1512 4514 1668 4529 .....
1705 4473 1813 4529 Sin
1849 4475 2057 4530 autem
2095 4474 2356 4544 tempus,
2376 4473 2440 4529 in
2462 4487 2580 4542 quo
2598 4473 2831 4528 locatus
2847 4470 3075 4527 fundus
3092 4471 3308 4539 fuerat,

748 4560 829 4616 sit
883 4561 1167 4617 exactum
1204 4562 1268 4616 et
1300 4562 1362 4615 in
1400 4560 1609 4616 eadem
1644 4560 1940 4616 locatione
1976 4561 2303 4617 conductor
2337 4559 2754 4630 permanserit,
2786 4558 2969 4614 tacito
3005 4572 3304 4614 consensu

748 4647 1002 4704 eandem
1060 4648 1423 4704 locationem
1476 4663 1599 4704 una
1633 4662 1772 4703 cum
1809 4648 2053 4705 vinculo
2089 4649 2353 4718 pignoris
2389 4661 2676 4703 renovare
2713 4646 2972 4702 videtur.
3011 4644 3084 4702 cf.
3119 4645 3181 4702 L.
3219 4645 3303 4713 13,

751 4736 833 4790 14.
874 4734 999 4804 mg.
1037 4735 1208 4792 xlx.
1245 4736 1297 4791 2.

817 4823 859 4891 ²)
899 4821 1049 4879 vide
1086 4839 1141 4892 p.
1179 4823 1297 4880 111.
