3770 5738
1381 1304 2143 1385 THESES.

1740 1870 1796 1936 Ι.

583 2019 661 2085 In
710 2018 1013 2085 saltibus
1059 2019 1409 2101 exemptis
1456 2017 1758 2100 primum
1806 2016 2030 2081 coloni
2080 2032 2326 2098 operas
2361 2015 2669 2097 jugaque
2715 2016 3045 2097 praebere

493 2138 716 2204 coacti
763 2141 957 2218 sunt,
1005 2137 1161 2203 dein
1213 2135 1670 2202 adhaerentia
1716 2134 1786 2200 in
1837 2151 2067 2200 mores
2114 2136 2188 2199 et
2223 2132 2343 2215 Jus
2389 2134 2501 2198 est
2548 2135 2846 2214 recepta.

1718 2307 1805 2371 11.

582 2453 645 2519 N
648 2456 850 2519 otatu
887 2453 1174 2533 dignum
1213 2455 1323 2519 est
1352 2451 1718 2517 ecclesiam
1748 2450 2219 2516 Christianam
2243 2451 2668 2516 auctoritate
2693 2466 2823 2516 sua
2848 2465 3055 2515 usam,

494 2589 630 2637 non
675 2587 851 2652 esse,
885 2573 966 2635 ut
1004 2570 1403 2652 prohiberet
1443 2568 1682 2635 liberis
1720 2568 2042 2649 agricolis
2073 2568 2321 2648 jugum
2361 2568 2725 2634 colonatus
2764 2568 3045 2649 imponi.

1718 2740 1841 2806 III.

585 2886 664 2954 In
712 2886 1002 2969 imperio
1050 2886 1362 2953 Romano
1409 2903 1768 2968 nunquam
1814 2886 2216 2953 colonorum
2263 2887 2543 2954 cultura
2579 2888 2785 2970 plane
2830 2889 3050 2956 labori

496 3023 860 3072 servorum
907 3006 1331 3071 rusticorum
1377 3005 1607 3071 locum
1653 3005 1888 3071 cessit.

1717 3175 1840 3242 IV.
1892 3242 1911 3257 Δ

588 3324 793 3388 Errat
857 3322 967 3387 vir
1018 3322 1101 3388 cl.
1152 3323 1441 3388 Bncnnn
1486 3339 1646 3388 cum
1696 3322 2086 3387 arbitratur
2132 3323 2578 3405 praecipuam
2625 3341 2859 3390 rerum
2905 3343 3054 3407 pro·

499 3440 956 3506 creandarum
1001 3441 1367 3522 rationem,
1416 3457 1626 3521 quam
1671 3438 2061 3521 antiquitas
2110 3440 2310 3522 vidit,
2358 3456 2512 3505 eam
2559 3442 2797 3524 fuisse,
2845 3460 3055 3524 quam

501 3558 670 3624 dicit
723 3559 1246 3644 „geschlossene
1295 3557 1963 3624 Hauswirtschaft”.

1725 3728 1812 3795 V.

594 3871 861 3954 Injuria
923 3875 1033 3939 vir
1093 3874 1176 3939 cl.
1242 3874 1462 3940 Smer<
1513 3875 1583 3939 in
1631 3874 2046 3956 explicando
2092 3875 2366 3956 imperii
2416 3875 2709 3942 Romani
2758 3878 3054 3943 interitu

505 4008 828 4072 magnam
879 3992 1024 4057 vim
1072 3993 1324 4058 tribuit
1369 3994 1615 4074 optimi
1662 3993 1997 4075 cujusque
2045 3994 2503 4058 exstinctioni
2534 3994 3057 4078 („Ausrottung

506 4108 625 4174 der
671 4108 1023 4187 Besten”).

1727 4282 1846 4349 VI.

595 4426 827 4492 Etiam
873 4430 1037 4509 post
1088 4428 1407 4509 tempora
1455 4427 1905 4494 Constantini
1953 4430 2305 4496 tributum
2352 4430 2604 4512 capitis
2650 4430 3060 4511 permansit.

1704 4599 1862 4666 VII.

606 4732 710 4809 Οἱ
777 4736 1201 4830 ἑκτὴμοροι,
1276 4760 1449 4825 quos
1520 4738 1759 4811 vir'cl.
1810 4745 2060 4812 NABER
2107 4745 2446 4825 (Photius.
2496 4746 2549 4812 Ι.
2598 4764 2663 4829 p.
2715 4748 2825 4825 57)
2874 4749 3065 4815 recte

506 4860 793 4943 scripsit
836 4863 1099 4929 colonos
1144 4863 1383 4946 fuisse,
1430 4862 1578 4929 solo
1626 4864 1950 4930 adstricti
1997 4868 2222 4932 erant.
