<?xml version="1.0" encoding="UTF-8"?>
<!DOCTYPE html PUBLIC "-//W3C//DTD XHTML 1.0 Transitional//EN"
    "http://www.w3.org/TR/xhtml1/DTD/xhtml1-transitional.dtd">
<html xmlns="http://www.w3.org/1999/xhtml" xml:lang="en" lang="en">
 <head>
  <title>
</title>
<meta http-equiv="Content-Type" content="text/html;charset=utf-8" />
  <meta name='ocr-system' content='tesseract 3.04.00' />
  <meta name='ocr-capabilities' content='ocr_page ocr_carea ocr_par ocr_line ocrx_word'/>
</head>
<body>
  <div class='ocr_page' id='page_1' title='image "./decolonaturoman00bolkgoog_0092.png"; bbox 0 0 3770 5738; ppageno 0'>
   <div class='ocr_carea' id='block_1_1' title="bbox 2028 502 2114 568">
    <p class='ocr_par' dir='ltr' id='par_1_1' title="bbox 2028 502 2114 568">
     <span class='ocr_line' id='line_1_1' title="bbox 2028 502 2114 568; baseline 0.023 -2"><span class='ocrx_word' id='word_1_1' title='bbox 2028 502 2114 568; x_wconf 89' lang='grc'>70</span> 
     </span>
    </p>
   </div>
   <div class='ocr_carea' id='block_1_2' title="bbox 790 697 3411 3742">
    <p class='ocr_par' dir='ltr' id='par_1_2' title="bbox 790 697 3364 2913">
     <span class='ocr_line' id='line_1_2' title="bbox 886 697 3344 767; baseline 0.002 -5"><span class='ocrx_word' id='word_1_2' title='bbox 886 697 1146 763; x_wconf 87' lang='lat' dir='ltr'>Aetate</span> <span class='ocrx_word' id='word_1_3' title='bbox 1215 700 1456 763; x_wconf 88' lang='lat' dir='ltr'>autem</span> <span class='ocrx_word' id='word_1_4' title='bbox 1518 698 1904 765; x_wconf 86' lang='lat' dir='ltr'>Justiniani</span> <span class='ocrx_word' id='word_1_5' title='bbox 1951 716 2103 764; x_wconf 90' lang='lat' dir='ltr'>mos</span> <span class='ocrx_word' id='word_1_6' title='bbox 2148 700 2432 766; x_wconf 84' lang='lat' dir='ltr'>videtur</span> <span class='ocrx_word' id='word_1_7' title='bbox 2477 701 2697 766; x_wconf 87' lang='lat' dir='ltr'>fuisse</span> <span class='ocrx_word' id='word_1_8' title='bbox 2744 704 2826 766; x_wconf 90' lang='lat' dir='ltr'>ut</span> <span class='ocrx_word' id='word_1_9' title='bbox 2872 718 3139 767; x_wconf 90' lang='lat' dir='ltr'>merces</span> <span class='ocrx_word' id='word_1_10' title='bbox 3184 719 3344 766; x_wconf 89' lang='lat' dir='ltr'>auro</span> 
     </span>
     <span class='ocr_line' id='line_1_3' title="bbox 792 816 3346 902; baseline 0.002 -22"><span class='ocrx_word' id='word_1_11' title='bbox 792 816 1235 898; x_wconf 76' lang='lat' dir='ltr'>penderetur.</span> <span class='ocrx_word' id='word_1_12' title='bbox 1286 817 1368 881; x_wconf 94' lang='lat' dir='ltr'>In</span> <span class='ocrx_word' id='word_1_13' title='bbox 1421 834 1503 883; x_wconf 89' lang='lat' dir='ltr'>ea</span> <span class='ocrx_word' id='word_1_14' title='bbox 1552 817 1725 901; x_wconf 90' lang='lat' dir='ltr'>lege,</span> <span class='ocrx_word' id='word_1_15' title='bbox 1775 835 1987 899; x_wconf 87' lang='lat' dir='ltr'>quam</span> <span class='ocrx_word' id='word_1_16' title='bbox 2033 820 2105 883; x_wconf 90' lang='lat' dir='ltr'>in</span> <span class='ocrx_word' id='word_1_17' title='bbox 2147 819 2283 884; x_wconf 89' lang='lat' dir='ltr'>alio</span> <span class='ocrx_word' id='word_1_18' title='bbox 2334 822 2674 884; x_wconf 87' lang='lat' dir='ltr'>contextu</span> <span class='ocrx_word' id='word_1_19' title='bbox 2690 820 2840 902; x_wconf 88' lang='lat' dir='ltr'>jam</span> <span class='ocrx_word' id='word_1_20' title='bbox 2864 819 3172 902; x_wconf 85' lang='lat' dir='ltr'>laudavi,</span> <span class='ocrx_word' id='word_1_21' title='bbox 3200 836 3346 885; x_wconf 87' lang='lat' dir='ltr'>eam</span> 
     </span>
     <span class='ocr_line' id='line_1_4' title="bbox 791 935 3346 1019; baseline 0.002 -20"><span class='ocrx_word' id='word_1_22' title='bbox 791 935 953 1000; x_wconf 88' lang='lat' dir='ltr'>volo</span> <span class='ocrx_word' id='word_1_23' title='bbox 1028 953 1203 1017; x_wconf 88' lang='lat' dir='ltr'>quae</span> <span class='ocrx_word' id='word_1_24' title='bbox 1274 937 1631 1019; x_wconf 87' lang='lat' dir='ltr'>praecepit</span> <span class='ocrx_word' id='word_1_25' title='bbox 1681 954 1818 1018; x_wconf 92' lang='lat' dir='ltr'>quo</span> <span class='ocrx_word' id='word_1_26' title='bbox 1866 939 2071 1003; x_wconf 90' lang='lat' dir='ltr'>modo</span> <span class='ocrx_word' id='word_1_27' title='bbox 2119 939 2465 1019; x_wconf 89' lang='lat' dir='ltr'>agendum</span> <span class='ocrx_word' id='word_1_28' title='bbox 2522 942 2711 1004; x_wconf 90' lang='lat' dir='ltr'>esset</span> <span class='ocrx_word' id='word_1_29' title='bbox 2757 939 2816 1003; x_wconf 91' lang='lat' dir='ltr'>si</span> <span class='ocrx_word' id='word_1_30' title='bbox 2865 939 3155 1004; x_wconf 91' lang='lat' dir='ltr'>colonus</span> <span class='ocrx_word' id='word_1_31' title='bbox 3195 956 3346 1005; x_wconf 91' lang='lat' dir='ltr'>cum</span> 
     </span>
     <span class='ocr_line' id='line_1_5' title="bbox 793 1054 3349 1139; baseline 0.001 -21"><span class='ocrx_word' id='word_1_32' title='bbox 793 1054 1072 1120; x_wconf 89' lang='lat' dir='ltr'>domino</span> <span class='ocrx_word' id='word_1_33' title='bbox 1143 1071 1269 1121; x_wconf 91' lang='lat' dir='ltr'>suo</span> <span class='ocrx_word' id='word_1_34' title='bbox 1338 1055 1651 1135; x_wconf 85' lang='lat' dir='ltr'>litigaret</span> <span class='ocrx_word' id='word_1_35' title='bbox 1726 1056 1808 1121; x_wconf 93' lang='lat' dir='ltr'>de</span> <span class='ocrx_word' id='word_1_36' title='bbox 1873 1056 2023 1136; x_wconf 87' lang='lat' dir='ltr'>agri</span> <span class='ocrx_word' id='word_1_37' title='bbox 2071 1057 2397 1139; x_wconf 85' lang='lat' dir='ltr'>dominiO,</span> <span class='ocrx_word' id='word_1_38' title='bbox 2448 1061 2518 1121; x_wconf 84' lang='lat' dir='ltr'>et</span> <span class='ocrx_word' id='word_1_39' title='bbox 2558 1057 2696 1121; x_wconf 85' lang='lat' dir='ltr'>alia</span> <span class='ocrx_word' id='word_1_40' title='bbox 2745 1058 3137 1122; x_wconf 90' lang='lat' dir='ltr'>constituta</span> <span class='ocrx_word' id='word_1_41' title='bbox 3184 1060 3349 1121; x_wconf 90' lang='lat' dir='ltr'>sunt</span> 
     </span>
     <span class='ocr_line' id='line_1_6' title="bbox 791 1174 3346 1255; baseline 0.001 -19"><span class='ocrx_word' id='word_1_42' title='bbox 791 1174 865 1236; x_wconf 89' lang='lat' dir='ltr'>et</span> <span class='ocrx_word' id='word_1_43' title='bbox 934 1189 1069 1253; x_wconf 92' lang='lat' dir='ltr'>quo</span> <span class='ocrx_word' id='word_1_44' title='bbox 1139 1174 1343 1239; x_wconf 91' lang='lat' dir='ltr'>modo</span> <span class='ocrx_word' id='word_1_45' title='bbox 1412 1190 1677 1239; x_wconf 91' lang='lat' dir='ltr'>merces</span> <span class='ocrx_word' id='word_1_46' title='bbox 1746 1174 2111 1255; x_wconf 90' lang='lat' dir='ltr'>pendenda</span> <span class='ocrx_word' id='word_1_47' title='bbox 2186 1177 2374 1240; x_wconf 89' lang='lat' dir='ltr'>esset</span> <span class='ocrx_word' id='word_1_48' title='bbox 2443 1175 2777 1255; x_wconf 89' lang='lat' dir='ltr'>quamdiu</span> <span class='ocrx_word' id='word_1_49' title='bbox 2833 1175 3177 1255; x_wconf 85' lang='lat' dir='ltr'>judicium</span> <span class='ocrx_word' id='word_1_50' title='bbox 3216 1192 3346 1240; x_wconf 92' lang='lat' dir='ltr'>non</span> 
     </span>
     <span class='ocr_line' id='line_1_7' title="bbox 792 1288 3352 1375; baseline 0.001 -20"><span class='ocrx_word' id='word_1_51' title='bbox 792 1290 982 1356; x_wconf 82' lang='lat' dir='ltr'>esset</span> <span class='ocrx_word' id='word_1_52' title='bbox 1030 1291 1296 1356; x_wconf 86' lang='lat' dir='ltr'>dictum</span> <span class='ocrx_word' id='word_1_53' title='bbox 1326 1288 1408 1368; x_wconf 88' lang='lat'>¹):</span> <span class='ocrx_word' id='word_1_54' title='bbox 1468 1290 1628 1375; x_wconf 84' lang='lat' dir='ltr'>„Sin</span> <span class='ocrx_word' id='word_1_55' title='bbox 1677 1294 1918 1357; x_wconf 90' lang='lat' dir='ltr'>autem</span> <span class='ocrx_word' id='word_1_56' title='bbox 1965 1293 2094 1357; x_wconf 92' lang='lat' dir='ltr'>hoc</span> <span class='ocrx_word' id='word_1_57' title='bbox 2143 1293 2368 1358; x_wconf 88' lang='lat' dir='ltr'>coloni</span> <span class='ocrx_word' id='word_1_58' title='bbox 2418 1294 2705 1358; x_wconf 87' lang='lat' dir='ltr'>minime</span> <span class='ocrx_word' id='word_1_59' title='bbox 2748 1292 2975 1358; x_wconf 88' lang='lat' dir='ltr'>facere</span> <span class='ocrx_word' id='word_1_60' title='bbox 3003 1293 3352 1359; x_wconf 87' lang='lat' dir='ltr'>voluerint</span> 
     </span>
     <span class='ocr_line' id='line_1_8' title="bbox 791 1410 3351 1493; baseline 0 -19"><span class='ocrx_word' id='word_1_61' title='bbox 791 1410 904 1474; x_wconf 85' lang='lat' dir='ltr'>vel</span> <span class='ocrx_word' id='word_1_62' title='bbox 972 1411 1334 1490; x_wconf 88' lang='lat' dir='ltr'>potuerint</span> <span class='ocrx_word' id='word_1_63' title='bbox 1395 1412 1510 1492; x_wconf 93' lang='lat' dir='ltr'>(sc.</span> <span class='ocrx_word' id='word_1_64' title='bbox 1562 1411 2044 1492; x_wconf 82' lang='lat' dir='ltr'>fidejnssorem</span> <span class='ocrx_word' id='word_1_65' title='bbox 2094 1416 2453 1493; x_wconf 88' lang='lat' dir='ltr'>praestare</span> <span class='ocrx_word' id='word_1_66' title='bbox 2501 1412 2726 1477; x_wconf 90' lang='lat' dir='ltr'>totius</span> <span class='ocrx_word' id='word_1_67' title='bbox 2775 1416 3134 1493; x_wconf 89' lang='lat' dir='ltr'>summae),</span> <span class='ocrx_word' id='word_1_68' title='bbox 3185 1414 3351 1476; x_wconf 90' lang='lat' dir='ltr'>tunc</span> 
     </span>
     <span class='ocr_line' id='line_1_9' title="bbox 791 1528 3352 1612; baseline 0 -19"><span class='ocrx_word' id='word_1_69' title='bbox 791 1528 974 1593; x_wconf 91' lang='lat' dir='ltr'>idem</span> <span class='ocrx_word' id='word_1_70' title='bbox 1046 1529 1317 1594; x_wconf 89' lang='lat' dir='ltr'>reditus</span> <span class='ocrx_word' id='word_1_71' title='bbox 1389 1546 1512 1611; x_wconf 90' lang='lat' dir='ltr'>per</span> <span class='ocrx_word' id='word_1_72' title='bbox 1583 1530 1881 1595; x_wconf 91' lang='lat' dir='ltr'>officium</span> <span class='ocrx_word' id='word_1_73' title='bbox 1944 1530 2202 1612; x_wconf 91' lang='lat' dir='ltr'>judicis</span> <span class='ocrx_word' id='word_1_74' title='bbox 2271 1532 2488 1595; x_wconf 90' lang='lat' dir='ltr'>annui</span> <span class='ocrx_word' id='word_1_75' title='bbox 2552 1531 2929 1611; x_wconf 78' lang='lat' dir='ltr'>exigantur</span> <span class='ocrx_word' id='word_1_76' title='bbox 2976 1547 3098 1611; x_wconf 90' lang='lat' dir='ltr'>per</span> <span class='ocrx_word' id='word_1_77' title='bbox 3145 1530 3352 1595; x_wconf 88' lang='lat' dir='ltr'>solita</span> 
     </span>
     <span class='ocr_line' id='line_1_10' title="bbox 790 1648 3353 1730; baseline 0 -20"><span class='ocrx_word' id='word_1_78' title='bbox 790 1648 1130 1730; x_wconf 88' lang='lat' dir='ltr'>tempora,</span> <span class='ocrx_word' id='word_1_79' title='bbox 1180 1648 1250 1712; x_wconf 92' lang='lat' dir='ltr'>in</span> <span class='ocrx_word' id='word_1_80' title='bbox 1313 1664 1490 1728; x_wconf 88' lang='lat' dir='ltr'>quae</span> <span class='ocrx_word' id='word_1_81' title='bbox 1536 1648 1752 1712; x_wconf 89' lang='lat' dir='ltr'>etiam</span> <span class='ocrx_word' id='word_1_82' title='bbox 1802 1648 2102 1713; x_wconf 90' lang='lat' dir='ltr'>dominis</span> <span class='ocrx_word' id='word_1_83' title='bbox 2152 1648 2744 1730; x_wconf 90' lang='lat' dir='ltr'>dependebantur,</span> <span class='ocrx_word' id='word_1_84' title='bbox 2795 1650 2867 1713; x_wconf 90' lang='grc'>01</span> <span class='ocrx_word' id='word_1_85' title='bbox 2915 1648 3353 1728; x_wconf 78' lang='lat' dir='ltr'>deponantur</span> 
     </span>
     <span class='ocr_line' id='line_1_11' title="bbox 792 1764 3354 1849; baseline 0.001 -20"><span class='ocrx_word' id='word_1_86' title='bbox 792 1764 864 1828; x_wconf 91' lang='lat' dir='ltr'>in</span> <span class='ocrx_word' id='word_1_87' title='bbox 912 1765 1083 1830; x_wconf 85' lang='lat' dir='ltr'>aede</span> <span class='ocrx_word' id='word_1_88' title='bbox 1132 1782 1349 1847; x_wconf 89' lang='lat' dir='ltr'>sacra,</span> <span class='ocrx_word' id='word_1_89' title='bbox 1400 1766 1467 1829; x_wconf 92' lang='lat' dir='ltr'>id</span> <span class='ocrx_word' id='word_1_90' title='bbox 1519 1768 1629 1830; x_wconf 92' lang='lat' dir='ltr'>est</span> <span class='ocrx_word' id='word_1_91' title='bbox 1677 1766 1748 1831; x_wconf 93' lang='lat' dir='ltr'>in</span> <span class='ocrx_word' id='word_1_92' title='bbox 1798 1766 2266 1831; x_wconf 83' lang='lat' dir='ltr'>cimeliarchio</span> <span class='ocrx_word' id='word_1_93' title='bbox 2323 1767 2657 1849; x_wconf 76' lang='lat' dir='ltr'>civitatiS,</span> <span class='ocrx_word' id='word_1_94' title='bbox 2688 1768 2818 1831; x_wconf 91' lang='lat' dir='ltr'>sub</span> <span class='ocrx_word' id='word_1_95' title='bbox 2846 1783 2984 1846; x_wconf 88' lang='lat' dir='ltr'>qua</span> <span class='ocrx_word' id='word_1_96' title='bbox 3008 1767 3354 1847; x_wconf 79' lang='lat' dir='ltr'>possessio</span> 
     </span>
     <span class='ocr_line' id='line_1_12' title="bbox 791 1883 3356 1966; baseline 0 -18"><span class='ocrx_word' id='word_1_97' title='bbox 791 1883 931 1948; x_wconf 88' lang='lat' dir='ltr'>sita</span> <span class='ocrx_word' id='word_1_98' title='bbox 1001 1886 1132 1965; x_wconf 90' lang='lat' dir='ltr'>est,</span> <span class='ocrx_word' id='word_1_99' title='bbox 1199 1884 1313 1947; x_wconf 90' lang='lat' dir='ltr'>vel</span> <span class='ocrx_word' id='word_1_100' title='bbox 1383 1884 1443 1949; x_wconf 91' lang='lat' dir='ltr'>si</span> <span class='ocrx_word' id='word_1_101' title='bbox 1514 1884 1756 1949; x_wconf 86' lang='lat' dir='ltr'>localis</span> <span class='ocrx_word' id='word_1_102' title='bbox 1825 1884 2121 1949; x_wconf 87' lang='lat' dir='ltr'>ecclesia</span> <span class='ocrx_word' id='word_1_103' title='bbox 2188 1885 2273 1949; x_wconf 89' lang='lat' dir='ltr'>ad</span> <span class='ocrx_word' id='word_1_104' title='bbox 2323 1886 2841 1965; x_wconf 86' lang='lat' dir='ltr'>susceptionem</span> <span class='ocrx_word' id='word_1_105' title='bbox 2903 1885 3356 1966; x_wconf 84' lang='lat' dir='ltr'>pecuniarum</span> 
     </span>
     <span class='ocr_line' id='line_1_13' title="bbox 792 2002 3356 2084; baseline -0 -17"><span class='ocrx_word' id='word_1_106' title='bbox 792 2002 1039 2067; x_wconf 90' lang='lat' dir='ltr'>idonea</span> <span class='ocrx_word' id='word_1_107' title='bbox 1109 2019 1246 2066; x_wconf 90' lang='lat' dir='ltr'>non</span> <span class='ocrx_word' id='word_1_108' title='bbox 1319 2003 1435 2084; x_wconf 88' lang='lat' dir='ltr'>sit,</span> <span class='ocrx_word' id='word_1_109' title='bbox 1506 2002 1577 2066; x_wconf 90' lang='lat' dir='ltr'>in</span> <span class='ocrx_word' id='word_1_110' title='bbox 1650 2003 2194 2084; x_wconf 85' lang='lat' dir='ltr'>metropolitana</span> <span class='ocrx_word' id='word_1_111' title='bbox 2257 2004 2568 2080; x_wconf 83' lang='lat' dir='ltr'>ecclesia,</span> <span class='ocrx_word' id='word_1_112' title='bbox 2618 2006 2701 2068; x_wconf 90' lang='lat' dir='ltr'>ut</span> <span class='ocrx_word' id='word_1_113' title='bbox 2740 2006 3150 2069; x_wconf 85' lang='lat' dir='ltr'>remaneant</span> <span class='ocrx_word' id='word_1_114' title='bbox 3198 2021 3356 2069; x_wconf 90' lang='lat' dir='ltr'>cum</span> 
     </span>
     <span class='ocr_line' id='line_1_14' title="bbox 794 2120 3358 2202; baseline 0 -17"><span class='ocrx_word' id='word_1_115' title='bbox 794 2121 982 2185; x_wconf 91' lang='lat' dir='ltr'>omni</span> <span class='ocrx_word' id='word_1_116' title='bbox 1057 2120 1334 2186; x_wconf 86' lang='lat' dir='ltr'>cautela</span> <span class='ocrx_word' id='word_1_117' title='bbox 1406 2122 1479 2185; x_wconf 91' lang='lat' dir='ltr'>et</span> <span class='ocrx_word' id='word_1_118' title='bbox 1550 2123 1711 2201; x_wconf 90' lang='lat' dir='ltr'>post</span> <span class='ocrx_word' id='word_1_119' title='bbox 1787 2120 2267 2202; x_wconf 89' lang='lat' dir='ltr'>plenissimam</span> <span class='ocrx_word' id='word_1_120' title='bbox 2327 2121 2801 2187; x_wconf 89' lang='lat' dir='ltr'>definitionem</span> <span class='ocrx_word' id='word_1_121' title='bbox 2872 2122 2987 2187; x_wconf 87' lang='lat' dir='ltr'>vel</span> <span class='ocrx_word' id='word_1_122' title='bbox 3056 2122 3358 2186; x_wconf 91' lang='lat' dir='ltr'>dominis</span> 
     </span>
     <span class='ocr_line' id='line_1_15' title="bbox 794 2238 3355 2305; baseline 0.001 -3"><span class='ocrx_word' id='word_1_123' title='bbox 794 2238 1050 2304; x_wconf 90' lang='lat' dir='ltr'>dentur</span> <span class='ocrx_word' id='word_1_124' title='bbox 1145 2239 1261 2304; x_wconf 86' lang='lat' dir='ltr'>vel</span> <span class='ocrx_word' id='word_1_125' title='bbox 1347 2239 1610 2304; x_wconf 89' lang='lat' dir='ltr'>colonis</span> <span class='ocrx_word' id='word_1_126' title='bbox 1673 2240 2167 2305; x_wconf 88' lang='lat' dir='ltr'>restituantur.</span> <span class='ocrx_word' id='word_1_127' title='bbox 2241 2238 2363 2305; x_wconf 84' lang='lat' dir='ltr'>Sin</span> <span class='ocrx_word' id='word_1_128' title='bbox 2427 2243 2667 2305; x_wconf 90' lang='lat' dir='ltr'>autem</span> <span class='ocrx_word' id='word_1_129' title='bbox 2738 2240 3008 2305; x_wconf 91' lang='lat' dir='ltr'>reditus</span> <span class='ocrx_word' id='word_1_130' title='bbox 3078 2258 3218 2304; x_wconf 92' lang='lat' dir='ltr'>non</span> <span class='ocrx_word' id='word_1_131' title='bbox 3286 2240 3355 2304; x_wconf 92' lang='lat' dir='ltr'>in</span> 
     </span>
     <span class='ocr_line' id='line_1_16' title="bbox 792 2357 3358 2440; baseline 0 -18"><span class='ocrx_word' id='word_1_132' title='bbox 792 2374 983 2437; x_wconf 87' lang='grc'>31110,</span> <span class='ocrx_word' id='word_1_133' title='bbox 1056 2357 1179 2422; x_wconf 86' lang='grc' dir='ltr'>0οᾱ</span> <span class='ocrx_word' id='word_1_134' title='bbox 1250 2357 1320 2421; x_wconf 91' lang='grc'>111</span> <span class='ocrx_word' id='word_1_135' title='bbox 1388 2358 1751 2439; x_wconf 89' lang='lat' dir='ltr'>speciebus</span> <span class='ocrx_word' id='word_1_136' title='bbox 1800 2358 2221 2440; x_wconf 88' lang='lat' dir='ltr'>inferuntur,</span> <span class='ocrx_word' id='word_1_137' title='bbox 2272 2358 2384 2423; x_wconf 87' lang='lat' dir='ltr'>vel</span> <span class='ocrx_word' id='word_1_138' title='bbox 2435 2359 2504 2422; x_wconf 90' lang='lat' dir='ltr'>in</span> <span class='ocrx_word' id='word_1_139' title='bbox 2555 2360 2787 2423; x_wconf 89' lang='lat' dir='ltr'>totum</span> <span class='ocrx_word' id='word_1_140' title='bbox 2837 2358 2951 2422; x_wconf 87' lang='lat' dir='ltr'>vel</span> <span class='ocrx_word' id='word_1_141' title='bbox 2999 2375 3088 2423; x_wconf 90' lang='lat' dir='ltr'>ex</span> <span class='ocrx_word' id='word_1_142' title='bbox 3135 2361 3358 2439; x_wconf 86' lang='lat' dir='ltr'>parte,</span> 
     </span>
     <span class='ocr_line' id='line_1_17' title="bbox 795 2475 3360 2558; baseline 0 -19"><span class='ocrx_word' id='word_1_143' title='bbox 795 2475 1079 2541; x_wconf 88' lang='lat' dir='ltr'>interim</span> <span class='ocrx_word' id='word_1_144' title='bbox 1130 2492 1253 2557; x_wconf 90' lang='lat' dir='ltr'>per</span> <span class='ocrx_word' id='word_1_145' title='bbox 1299 2475 1597 2541; x_wconf 90' lang='lat' dir='ltr'>officium</span> <span class='ocrx_word' id='word_1_146' title='bbox 1638 2476 1898 2557; x_wconf 82' lang='lat' dir='ltr'>J&#39;udicis</span> <span class='ocrx_word' id='word_1_147' title='bbox 1944 2477 2221 2541; x_wconf 87' lang='lat' dir='ltr'>fructus</span> <span class='ocrx_word' id='word_1_148' title='bbox 2271 2476 2670 2541; x_wconf 86' lang='lat' dir='ltr'>vendantur</span> <span class='ocrx_word' id='word_1_149' title='bbox 2726 2479 2800 2541; x_wconf 91' lang='lat' dir='ltr'>et</span> <span class='ocrx_word' id='word_1_150' title='bbox 2839 2478 3069 2558; x_wconf 88' lang='lat' dir='ltr'>pretia</span> <span class='ocrx_word' id='word_1_151' title='bbox 3118 2493 3360 2542; x_wconf 92' lang='lat' dir='ltr'>eorum</span> 
     </span>
     <span class='ocr_line' id='line_1_18' title="bbox 795 2594 3362 2677; baseline 0 -17"><span class='ocrx_word' id='word_1_152' title='bbox 795 2594 1183 2660; x_wconf 90' lang='lat' dir='ltr'>secundum</span> <span class='ocrx_word' id='word_1_153' title='bbox 1232 2595 1669 2676; x_wconf 89' lang='lat' dir='ltr'>praedictum</span> <span class='ocrx_word' id='word_1_154' title='bbox 1735 2595 2020 2659; x_wconf 90' lang='lat' dir='ltr'>modurn</span> <span class='ocrx_word' id='word_1_155' title='bbox 2070 2594 2669 2677; x_wconf 86' lang='lat' dir='ltr'>deponantur&#39;&#39;.—-</span> <span class='ocrx_word' id='word_1_156' title='bbox 2733 2595 2837 2659; x_wconf 86' lang='lat' dir='ltr'>Ex</span> <span class='ocrx_word' id='word_1_157' title='bbox 2885 2612 3020 2674; x_wconf 92' lang='lat' dir='ltr'>quo</span> <span class='ocrx_word' id='word_1_158' title='bbox 3067 2596 3362 2677; x_wconf 89' lang='lat' dir='ltr'>apparet</span> 
     </span>
     <span class='ocr_line' id='line_1_19' title="bbox 797 2713 3364 2795; baseline 0 -17"><span class='ocrx_word' id='word_1_159' title='bbox 797 2713 1165 2794; x_wconf 88' lang='lat' dir='ltr'>pensiones</span> <span class='ocrx_word' id='word_1_160' title='bbox 1213 2713 1285 2777; x_wconf 91' lang='lat' dir='ltr'>in</span> <span class='ocrx_word' id='word_1_161' title='bbox 1333 2713 1696 2794; x_wconf 89' lang='lat' dir='ltr'>speciebus</span> <span class='ocrx_word' id='word_1_162' title='bbox 1743 2716 1817 2778; x_wconf 90' lang='lat' dir='ltr'>et</span> <span class='ocrx_word' id='word_1_163' title='bbox 1863 2714 1933 2777; x_wconf 89' lang='lat' dir='ltr'>in</span> <span class='ocrx_word' id='word_1_164' title='bbox 1984 2715 2278 2794; x_wconf 89' lang='lat' dir='ltr'>pecunia</span> <span class='ocrx_word' id='word_1_165' title='bbox 2325 2715 2716 2795; x_wconf 91' lang='lat' dir='ltr'>promiscue</span> <span class='ocrx_word' id='word_1_166' title='bbox 2756 2714 2970 2779; x_wconf 87' lang='lat' dir='ltr'>etiam</span> <span class='ocrx_word' id='word_1_167' title='bbox 3019 2713 3091 2778; x_wconf 94' lang='lat' dir='ltr'>in</span> <span class='ocrx_word' id='word_1_168' title='bbox 3116 2714 3364 2779; x_wconf 91' lang='lat' dir='ltr'>eodem</span> 
     </span>
     <span class='ocr_line' id='line_1_20' title="bbox 797 2830 2252 2913; baseline 0.001 -18"><span class='ocrx_word' id='word_1_169' title='bbox 797 2830 1077 2913; x_wconf 90' lang='lat' dir='ltr'>praedio</span> <span class='ocrx_word' id='word_1_170' title='bbox 1127 2846 1248 2912; x_wconf 92' lang='lat' dir='ltr'>pro</span> <span class='ocrx_word' id='word_1_171' title='bbox 1296 2831 1544 2896; x_wconf 91' lang='lat' dir='ltr'>iisdem</span> <span class='ocrx_word' id='word_1_172' title='bbox 1591 2831 1855 2897; x_wconf 89' lang='lat' dir='ltr'>colonis</span> <span class='ocrx_word' id='word_1_173' title='bbox 1906 2831 2252 2897; x_wconf 78' lang='lat' dir='ltr'>extitisse.</span> 
     </span>
    </p>

    <p class='ocr_par' dir='ltr' id='par_1_3' title="bbox 798 2927 3411 3742">
     <span class='ocr_line' id='line_1_21' title="bbox 887 2927 3388 3031; baseline 0 -17"><span class='ocrx_word' id='word_1_174' title='bbox 887 2950 952 3014; x_wconf 87' lang='lat' dir='ltr'><strong>A</strong></span> <span class='ocrx_word' id='word_1_175' title='bbox 1027 2949 1490 3015; x_wconf 87' lang='lat' dir='ltr'>Constantino</span> <span class='ocrx_word' id='word_1_176' title='bbox 1563 2927 1901 3016; x_wconf 81' lang='lat' dir='ltr'>mercedis</span> <span class='ocrx_word' id='word_1_177' title='bbox 1972 2968 2247 3015; x_wconf 89' lang='lat' dir='ltr'>summa</span> <span class='ocrx_word' id='word_1_178' title='bbox 2310 2950 2380 3014; x_wconf 93' lang='lat' dir='ltr'>in</span> <span class='ocrx_word' id='word_1_179' title='bbox 2431 2953 2849 3031; x_wconf 90' lang='lat' dir='ltr'>perpetuum</span> <span class='ocrx_word' id='word_1_180' title='bbox 2898 2951 3038 3015; x_wconf 89' lang='lat' dir='ltr'>fixa</span> <span class='ocrx_word' id='word_1_181' title='bbox 3084 2941 3388 3015; x_wconf 78' lang='lat' dir='ltr'>reddita&#39;</span> 
     </span>
     <span class='ocr_line' id='line_1_22' title="bbox 800 3069 3411 3151; baseline 0 -17"><span class='ocrx_word' id='word_1_182' title='bbox 800 3071 950 3149; x_wconf 90' lang='lat' dir='ltr'>est;</span> <span class='ocrx_word' id='word_1_183' title='bbox 1023 3070 1284 3134; x_wconf 88' lang='lat' dir='ltr'>statuit</span> <span class='ocrx_word' id='word_1_184' title='bbox 1332 3069 1519 3134; x_wconf 91' lang='lat' dir='ltr'>enim</span> <span class='ocrx_word' id='word_1_185' title='bbox 1570 3071 1652 3133; x_wconf 90' lang='lat' dir='ltr'>ut</span> <span class='ocrx_word' id='word_1_186' title='bbox 1699 3069 1998 3149; x_wconf 90' lang='lat' dir='ltr'>quilibet</span> <span class='ocrx_word' id='word_1_187' title='bbox 2046 3069 2356 3150; x_wconf 90' lang='grc'>001011110,</span> <span class='ocrx_word' id='word_1_188' title='bbox 2406 3087 2448 3133; x_wconf 88' lang='grc'>3</span> <span class='ocrx_word' id='word_1_189' title='bbox 2494 3086 2629 3151; x_wconf 89' lang='grc'>0110</span> <span class='ocrx_word' id='word_1_190' title='bbox 2677 3070 3002 3133; x_wconf 84' lang='grc' dir='ltr'>(101111111ιο</span> <span class='ocrx_word' id='word_1_191' title='bbox 3027 3069 3365 3151; x_wconf 88' lang='lat' dir='ltr'>majorem</span> <span class='ocrx_word' id='word_1_192' title='bbox 3406 3105 3411 3111; x_wconf 93' lang='lat'>·</span> 
     </span>
     <span class='ocr_line' id='line_1_23' title="bbox 799 3187 3366 3269; baseline -0.001 -17"><span class='ocrx_word' id='word_1_193' title='bbox 799 3187 1187 3252; x_wconf 89' lang='lat' dir='ltr'>mercedem</span> <span class='ocrx_word' id='word_1_194' title='bbox 1259 3188 1655 3268; x_wconf 88' lang='lat' dir='ltr'>postularet</span> <span class='ocrx_word' id='word_1_195' title='bbox 1726 3204 1936 3268; x_wconf 88' lang='lat' dir='ltr'>quam</span> <span class='ocrx_word' id='word_1_196' title='bbox 2003 3187 2403 3268; x_wconf 87' lang='lat' dir='ltr'>antiquitus</span> <span class='ocrx_word' id='word_1_197' title='bbox 2472 3187 2764 3269; x_wconf 85' lang='lat' dir='ltr'>solebat,</span> <span class='ocrx_word' id='word_1_198' title='bbox 2836 3187 3031 3251; x_wconf 89' lang='lat' dir='ltr'>illius</span> <span class='ocrx_word' id='word_1_199' title='bbox 3110 3204 3366 3252; x_wconf 91' lang='lat' dir='ltr'>nomen</span> 
     </span>
     <span class='ocr_line' id='line_1_24' title="bbox 800 3305 3367 3387; baseline 0 -18"><span class='ocrx_word' id='word_1_200' title='bbox 800 3305 1122 3387; x_wconf 87' lang='lat' dir='ltr'>deferret,</span> <span class='ocrx_word' id='word_1_201' title='bbox 1192 3306 1337 3386; x_wconf 91' lang='lat' dir='ltr'>qui,</span> <span class='ocrx_word' id='word_1_202' title='bbox 1383 3306 1442 3370; x_wconf 91' lang='lat' dir='ltr'>si</span> <span class='ocrx_word' id='word_1_203' title='bbox 1490 3306 1657 3370; x_wconf 82' lang='lat' dir='ltr'>facti</span> <span class='ocrx_word' id='word_1_204' title='bbox 1709 3306 2266 3387; x_wconf 85' lang='lat' dir='ltr'>convinceretur,</span> <span class='ocrx_word' id='word_1_205' title='bbox 2321 3322 2403 3369; x_wconf 88' lang='lat' dir='ltr'>ea</span> <span class='ocrx_word' id='word_1_206' title='bbox 2450 3322 2627 3385; x_wconf 91' lang='lat' dir='ltr'>quae</span> <span class='ocrx_word' id='word_1_207' title='bbox 2675 3305 2892 3369; x_wconf 88' lang='lat' dir='ltr'>nimia</span> <span class='ocrx_word' id='word_1_208' title='bbox 2940 3306 3367 3371; x_wconf 83' lang='lat' dir='ltr'>extorsisset</span> 
     </span>
     <span class='ocr_line' id='line_1_25' title="bbox 798 3421 3370 3505; baseline -0 -16"><span class='ocrx_word' id='word_1_209' title='bbox 798 3425 1086 3490; x_wconf 88' lang='lat' dir='ltr'>reddere</span> <span class='ocrx_word' id='word_1_210' title='bbox 1136 3425 1419 3490; x_wconf 89' lang='lat' dir='ltr'>deberet</span> <span class='ocrx_word' id='word_1_211' title='bbox 1444 3421 1514 3505; x_wconf 85' lang='lat'>2).</span> <span class='ocrx_word' id='word_1_212' title='bbox 1581 3424 1621 3489; x_wconf 88' lang='lat' dir='ltr'><strong>J</strong></span> <span class='ocrx_word' id='word_1_213' title='bbox 1630 3425 2032 3489; x_wconf 90' lang='lat' dir='ltr'>ustinianus</span> <span class='ocrx_word' id='word_1_214' title='bbox 2080 3425 2209 3489; x_wconf 92' lang='grc'>1100</span> <span class='ocrx_word' id='word_1_215' title='bbox 2258 3424 2703 3489; x_wconf 87' lang='lat' dir='ltr'>confirmavit</span> <span class='ocrx_word' id='word_1_216' title='bbox 2751 3428 2825 3488; x_wconf 92' lang='lat' dir='ltr'>et</span> <span class='ocrx_word' id='word_1_217' title='bbox 2865 3441 3102 3488; x_wconf 90' lang='lat' dir='ltr'>curam</span> <span class='ocrx_word' id='word_1_218' title='bbox 3153 3423 3370 3505; x_wconf 89' lang='lat' dir='ltr'>hujus</span> 
     </span>
     <span class='ocr_line' id='line_1_26' title="bbox 799 3542 3371 3624; baseline 0 -17"><span class='ocrx_word' id='word_1_219' title='bbox 799 3544 974 3623; x_wconf 91' lang='lat' dir='ltr'>legis</span> <span class='ocrx_word' id='word_1_220' title='bbox 1019 3542 1323 3607; x_wconf 88' lang='lat' dir='ltr'>tuendae</span> <span class='ocrx_word' id='word_1_221' title='bbox 1351 3543 1752 3624; x_wconf 89' lang='lat' dir='ltr'>provinciae</span> <span class='ocrx_word' id='word_1_222' title='bbox 1778 3543 2204 3608; x_wconf 89' lang='lat' dir='ltr'>moderatori</span> <span class='ocrx_word' id='word_1_223' title='bbox 2230 3560 2386 3607; x_wconf 90' lang='lat' dir='ltr'>man</span> <span class='ocrx_word' id='word_1_224' title='bbox 2399 3543 2633 3623; x_wconf 86' lang='lat' dir='ltr'>davit;</span> <span class='ocrx_word' id='word_1_225' title='bbox 2662 3544 3066 3623; x_wconf 90' lang='lat' dir='ltr'>ceteroquin</span> <span class='ocrx_word' id='word_1_226' title='bbox 3093 3542 3371 3607; x_wconf 89' lang='lat' dir='ltr'>addidit</span> 
     </span>
     <span class='ocr_line' id='line_1_27' title="bbox 798 3661 3372 3742; baseline -0.001 -16"><span class='ocrx_word' id='word_1_227' title='bbox 798 3661 1077 3726; x_wconf 89' lang='lat' dir='ltr'>colonos</span> <span class='ocrx_word' id='word_1_228' title='bbox 1161 3661 1617 3728; x_wconf 90' lang='lat' dir='ltr'>nihilominus</span> <span class='ocrx_word' id='word_1_229' title='bbox 1688 3664 2045 3742; x_wconf 83' lang='lat' dir='ltr'>potestate</span> <span class='ocrx_word' id='word_1_230' title='bbox 2118 3678 2352 3726; x_wconf 89' lang='lat' dir='ltr'>carere</span> <span class='ocrx_word' id='word_1_231' title='bbox 2425 3679 2546 3725; x_wconf 92' lang='lat' dir='ltr'>rus</span> <span class='ocrx_word' id='word_1_232' title='bbox 2609 3678 2817 3725; x_wconf 91' lang='lat' dir='ltr'>suum</span> <span class='ocrx_word' id='word_1_233' title='bbox 2890 3661 3258 3726; x_wconf 89' lang='lat' dir='ltr'>deserendi</span> <span class='ocrx_word' id='word_1_234' title='bbox 3311 3661 3372 3725; x_wconf 90' lang='lat' dir='ltr'>si</span> 
     </span>
    </p>
   </div>
   <div class='ocr_carea' id='block_1_3' title="bbox 805 3779 1194 3786">
    <p class='ocr_par' dir='ltr' id='par_1_4' title="bbox 805 3779 1194 3786">
     <span class='ocr_line' id='line_1_28' title="bbox 805 3779 1194 3786; baseline 0 1952"><span class='ocrx_word' id='word_1_235' title='bbox 805 3779 1194 3786; x_wconf 95' lang='lat' dir='ltr'> </span> 
     </span>
    </p>
   </div>
   <div class='ocr_carea' id='block_1_4' title="bbox 799 3817 3379 4934">
    <p class='ocr_par' dir='ltr' id='par_1_5' title="bbox 799 3817 3374 3975">
     <span class='ocr_line' id='line_1_29' title="bbox 801 3817 3374 3887; baseline 0 -14"><span class='ocrx_word' id='word_1_236' title='bbox 801 3817 1031 3886; x_wconf 88' lang='lat' dir='ltr'>digesta</span> <span class='ocrx_word' id='word_1_237' title='bbox 1081 3818 1399 3887; x_wconf 86' lang='lat' dir='ltr'>referatur;</span> <span class='ocrx_word' id='word_1_238' title='bbox 1453 3818 1733 3874; x_wconf 79' lang='lat' dir='ltr'>videlicet</span> <span class='ocrx_word' id='word_1_239' title='bbox 1787 3821 1872 3887; x_wconf 90' lang='lat' dir='ltr'>ut,</span> <span class='ocrx_word' id='word_1_240' title='bbox 1928 3819 2372 3887; x_wconf 88' lang='lat' dir='ltr'>erogationibus</span> <span class='ocrx_word' id='word_1_241' title='bbox 2428 3819 2665 3873; x_wconf 87' lang='lat' dir='ltr'>cunctis</span> <span class='ocrx_word' id='word_1_242' title='bbox 2717 3819 2922 3886; x_wconf 90' lang='lat' dir='ltr'>aperta</span> <span class='ocrx_word' id='word_1_243' title='bbox 2966 3817 3374 3875; x_wconf 86' lang='lat' dir='ltr'>instructione</span> 
     </span>
     <span class='ocr_line' id='line_1_30' title="bbox 799 3905 2721 3975; baseline -0.001 -15"><span class='ocrx_word' id='word_1_244' title='bbox 799 3905 1130 3975; x_wconf 81' lang='lat' dir='ltr'>patefactis,</span> <span class='ocrx_word' id='word_1_245' title='bbox 1166 3906 1532 3975; x_wconf 89' lang='lat' dir='ltr'>reliquorum</span> <span class='ocrx_word' id='word_1_246' title='bbox 1569 3907 1719 3961; x_wconf 86' lang='lat' dir='ltr'>ratio</span> <span class='ocrx_word' id='word_1_247' title='bbox 1755 3922 1831 3961; x_wconf 86' lang='lat' dir='ltr'>ex</span> <span class='ocrx_word' id='word_1_248' title='bbox 1869 3906 2202 3962; x_wconf 86' lang='lat' dir='ltr'>centesima</span> <span class='ocrx_word' id='word_1_249' title='bbox 2234 3906 2426 3975; x_wconf 88' lang='lat' dir='ltr'>possit</span> <span class='ocrx_word' id='word_1_250' title='bbox 2460 3906 2721 3974; x_wconf 82' lang='lat' dir='ltr'>agnosci.</span> 
     </span>
    </p>

    <p class='ocr_par' dir='ltr' id='par_1_6' title="bbox 874 3993 1871 4061">
     <span class='ocr_line' id='line_1_31' title="bbox 874 3993 1871 4061; baseline 0.001 -14"><span class='ocrx_word' id='word_1_251' title='bbox 874 3993 914 4057; x_wconf 83' lang='grc'>1)</span> <span class='ocrx_word' id='word_1_252' title='bbox 952 3993 1014 4048; x_wconf 90' lang='lat' dir='ltr'>L.</span> <span class='ocrx_word' id='word_1_253' title='bbox 1051 3994 1137 4048; x_wconf 84' lang='lat'>20.</span> <span class='ocrx_word' id='word_1_254' title='bbox 1172 3995 1243 4061; x_wconf 64' lang='grc' dir='ltr'>ἓξ</span> <span class='ocrx_word' id='word_1_255' title='bbox 1281 3997 1329 4061; x_wconf 87' lang='grc'>1,</span> <span class='ocrx_word' id='word_1_256' title='bbox 1366 3995 1416 4048; x_wconf 84' lang='grc'>2.</span> <span class='ocrx_word' id='word_1_257' title='bbox 1455 3993 1513 4049; x_wconf 88' lang='lat' dir='ltr'>C.</span> <span class='ocrx_word' id='word_1_258' title='bbox 1549 3994 1600 4049; x_wconf 83' lang='lat' dir='ltr'>J.</span> <span class='ocrx_word' id='word_1_259' title='bbox 1642 3993 1750 4049; x_wconf 89' lang='lat' dir='ltr'>XI.</span> <span class='ocrx_word' id='word_1_260' title='bbox 1786 3994 1871 4048; x_wconf 85' lang='lat'>48.</span> 
     </span>
    </p>

    <p class='ocr_par' dir='ltr' id='par_1_7' title="bbox 802 4079 3379 4934">
     <span class='ocr_line' id='line_1_32' title="bbox 871 4079 3373 4150; baseline -0 -15"><span class='ocrx_word' id='word_1_261' title='bbox 871 4082 912 4150; x_wconf 72' lang='lat'>³)</span> <span class='ocrx_word' id='word_1_262' title='bbox 950 4080 1013 4135; x_wconf 87' lang='lat' dir='ltr'>L.</span> <span class='ocrx_word' id='word_1_263' title='bbox 1052 4082 1098 4136; x_wconf 92' lang='lat' dir='ltr'>l.</span> <span class='ocrx_word' id='word_1_264' title='bbox 1138 4079 1197 4135; x_wconf 91' lang='lat' dir='ltr'>C.</span> <span class='ocrx_word' id='word_1_265' title='bbox 1233 4081 1283 4136; x_wconf 88' lang='lat' dir='ltr'>J.</span> <span class='ocrx_word' id='word_1_266' title='bbox 1322 4081 1432 4136; x_wconf 86' lang='lat' dir='ltr'>XI.</span> <span class='ocrx_word' id='word_1_267' title='bbox 1467 4082 1554 4136; x_wconf 83' lang='lat'>50.</span> <span class='ocrx_word' id='word_1_268' title='bbox 1593 4081 1876 4149; x_wconf 80' lang='lat' dir='ltr'>Quisquis</span> <span class='ocrx_word' id='word_1_269' title='bbox 1915 4082 2164 4136; x_wconf 89' lang='lat' dir='ltr'>colonus</span> <span class='ocrx_word' id='word_1_270' title='bbox 2199 4081 2335 4150; x_wconf 86' lang='lat' dir='ltr'>plus</span> <span class='ocrx_word' id='word_1_271' title='bbox 2372 4095 2408 4135; x_wconf 88' lang='lat' dir='ltr'>a</span> <span class='ocrx_word' id='word_1_272' title='bbox 2445 4080 2685 4134; x_wconf 90' lang='lat' dir='ltr'>domino</span> <span class='ocrx_word' id='word_1_273' title='bbox 2721 4079 3002 4149; x_wconf 88' lang='lat' dir='ltr'>exigitur,</span> <span class='ocrx_word' id='word_1_274' title='bbox 3021 4093 3206 4148; x_wconf 88' lang='lat' dir='ltr'>quam</span> <span class='ocrx_word' id='word_1_275' title='bbox 3225 4080 3373 4135; x_wconf 87' lang='lat' dir='ltr'>ante</span> 
     </span>
     <span class='ocr_line' id='line_1_33' title="bbox 802 4166 3379 4237; baseline -0 -15"><span class='ocrx_word' id='word_1_276' title='bbox 802 4170 1199 4224; x_wconf 86' lang='lat' dir='ltr'>consueverat</span> <span class='ocrx_word' id='word_1_277' title='bbox 1229 4169 1291 4223; x_wconf 92' lang='lat' dir='ltr'>et</span> <span class='ocrx_word' id='word_1_278' title='bbox 1326 4183 1506 4237; x_wconf 89' lang='lat' dir='ltr'>quam</span> <span class='ocrx_word' id='word_1_279' title='bbox 1543 4169 1606 4223; x_wconf 89' lang='lat' dir='ltr'>in</span> <span class='ocrx_word' id='word_1_280' title='bbox 1643 4168 2041 4223; x_wconf 85' lang='lat' dir='ltr'>anterioribus</span> <span class='ocrx_word' id='word_1_281' title='bbox 2078 4168 2445 4236; x_wconf 85' lang='lat' dir='ltr'>temporibus</span> <span class='ocrx_word' id='word_1_282' title='bbox 2481 4169 2736 4222; x_wconf 84' lang='lat' dir='ltr'>exactus</span> <span class='ocrx_word' id='word_1_283' title='bbox 2764 4168 2873 4234; x_wconf 88' lang='lat' dir='ltr'>est,</span> <span class='ocrx_word' id='word_1_284' title='bbox 2891 4166 3379 4234; x_wconf 83' lang='lat' dir='ltr'>adeatjudicem,</span> 
     </span>
     <span class='ocr_line' id='line_1_34' title="bbox 804 4254 3376 4324; baseline -0 -14"><span class='ocrx_word' id='word_1_285' title='bbox 804 4256 979 4323; x_wconf 75' lang='lat' dir='ltr'>cujus</span> <span class='ocrx_word' id='word_1_286' title='bbox 1033 4256 1296 4323; x_wconf 89' lang='lat' dir='ltr'>primum</span> <span class='ocrx_word' id='word_1_287' title='bbox 1349 4256 1567 4324; x_wconf 84' lang='lat' dir='ltr'>poterit</span> <span class='ocrx_word' id='word_1_288' title='bbox 1623 4256 1840 4310; x_wconf 88' lang='lat' dir='ltr'>habere</span> <span class='ocrx_word' id='word_1_289' title='bbox 1895 4256 2315 4323; x_wconf 80' lang='lat' dir='ltr'>praesentiam,</span> <span class='ocrx_word' id='word_1_290' title='bbox 2374 4255 2436 4309; x_wconf 89' lang='lat' dir='ltr'>et</span> <span class='ocrx_word' id='word_1_291' title='bbox 2471 4254 2707 4309; x_wconf 86' lang='lat' dir='ltr'>facinus</span> <span class='ocrx_word' id='word_1_292' title='bbox 2743 4254 3106 4322; x_wconf 84' lang='lat' dir='ltr'>comprobet,</span> <span class='ocrx_word' id='word_1_293' title='bbox 3144 4258 3216 4309; x_wconf 87' lang='lat' dir='ltr'>ut</span> <span class='ocrx_word' id='word_1_294' title='bbox 3253 4255 3376 4324; x_wconf 89' lang='lat' dir='ltr'>ille,</span> 
     </span>
     <span class='ocr_line' id='line_1_35' title="bbox 804 4341 3376 4411; baseline 0 -15"><span class='ocrx_word' id='word_1_295' title='bbox 804 4343 906 4411; x_wconf 89' lang='grc'>0111</span> <span class='ocrx_word' id='word_1_296' title='bbox 961 4343 1339 4397; x_wconf 78' lang='lat' dir='ltr'>convincitur</span> <span class='ocrx_word' id='word_1_297' title='bbox 1390 4343 1649 4411; x_wconf 86' lang='lat' dir='ltr'>amplius</span> <span class='ocrx_word' id='word_1_298' title='bbox 1703 4343 2022 4411; x_wconf 84' lang='lat' dir='ltr'>postulare,</span> <span class='ocrx_word' id='word_1_299' title='bbox 2059 4358 2241 4410; x_wconf 87' lang='lat' dir='ltr'>quam</span> <span class='ocrx_word' id='word_1_300' title='bbox 2278 4342 2541 4410; x_wconf 85' lang='lat' dir='ltr'>accipere</span> <span class='ocrx_word' id='word_1_301' title='bbox 2579 4343 2991 4409; x_wconf 82' lang='lat' dir='ltr'>consueverat,</span> <span class='ocrx_word' id='word_1_302' title='bbox 3026 4341 3138 4395; x_wconf 92' lang='lat' dir='ltr'>hoc</span> <span class='ocrx_word' id='word_1_303' title='bbox 3176 4341 3376 4397; x_wconf 83' lang='lat' dir='ltr'>facere</span> 
     </span>
     <span class='ocr_line' id='line_1_36' title="bbox 804 4429 3378 4499; baseline 0 -15"><span class='ocrx_word' id='word_1_304' title='bbox 804 4430 867 4484; x_wconf 91' lang='lat' dir='ltr'>in</span> <span class='ocrx_word' id='word_1_305' title='bbox 936 4432 1245 4498; x_wconf 88' lang='lat' dir='ltr'>posterum</span> <span class='ocrx_word' id='word_1_306' title='bbox 1298 4430 1699 4499; x_wconf 83' lang='lat' dir='ltr'>prohibeatur,</span> <span class='ocrx_word' id='word_1_307' title='bbox 1754 4430 1922 4498; x_wconf 91' lang='lat' dir='ltr'>prius</span> <span class='ocrx_word' id='word_1_308' title='bbox 1976 4430 2205 4484; x_wconf 86' lang='lat' dir='ltr'>reddito</span> <span class='ocrx_word' id='word_1_309' title='bbox 2260 4429 2417 4497; x_wconf 90' lang='lat' dir='ltr'>quod</span> <span class='ocrx_word' id='word_1_310' title='bbox 2472 4429 2970 4497; x_wconf 85' lang='lat' dir='ltr'>superexactione</span> <span class='ocrx_word' id='word_1_311' title='bbox 3028 4430 3378 4497; x_wconf 86' lang='lat' dir='ltr'>perpetrata</span> 
     </span>
     <span class='ocr_line' id='line_1_37' title="bbox 806 4516 3374 4584; baseline -0 -13"><span class='ocrx_word' id='word_1_312' title='bbox 806 4517 1076 4572; x_wconf 85' lang='lat' dir='ltr'>noscitur</span> <span class='ocrx_word' id='word_1_313' title='bbox 1129 4517 1468 4572; x_wconf 84' lang='lat' dir='ltr'>extorsisse.</span> <span class='ocrx_word' id='word_1_314' title='bbox 1549 4546 1603 4556; x_wconf 95' lang='lat'>—</span> <span class='ocrx_word' id='word_1_315' title='bbox 1664 4517 1726 4571; x_wconf 91' lang='lat' dir='ltr'>L.</span> <span class='ocrx_word' id='word_1_316' title='bbox 1780 4519 1828 4571; x_wconf 85' lang='lat'>4.</span> <span class='ocrx_word' id='word_1_317' title='bbox 1868 4517 1928 4571; x_wconf 86' lang='lat' dir='ltr'>G.</span> <span class='ocrx_word' id='word_1_318' title='bbox 1981 4517 2031 4571; x_wconf 90' lang='lat' dir='ltr'>J.</span> <span class='ocrx_word' id='word_1_319' title='bbox 2093 4517 2193 4572; x_wconf 88' lang='lat' dir='ltr'>IV.</span> <span class='ocrx_word' id='word_1_320' title='bbox 2243 4517 2329 4571; x_wconf 82' lang='lat'>62.</span> <span class='ocrx_word' id='word_1_321' title='bbox 2386 4516 2448 4571; x_wconf 86' lang='lat' dir='ltr'>Si</span> <span class='ocrx_word' id='word_1_322' title='bbox 2510 4516 2966 4584; x_wconf 85' lang='lat' dir='ltr'>provincialium</span> <span class='ocrx_word' id='word_1_323' title='bbox 3022 4517 3374 4570; x_wconf 82' lang='lat' dir='ltr'>nostrorum</span> 
     </span>
     <span class='ocr_line' id='line_1_38' title="bbox 804 4602 3376 4672; baseline 0 -14"><span class='ocrx_word' id='word_1_324' title='bbox 804 4604 1067 4672; x_wconf 86' lang='lat' dir='ltr'>querella</span> <span class='ocrx_word' id='word_1_325' title='bbox 1104 4605 1175 4658; x_wconf 92' lang='lat' dir='ltr'>de</span> <span class='ocrx_word' id='word_1_326' title='bbox 1211 4604 1644 4659; x_wconf 86' lang='lat' dir='ltr'>conductorum</span> <span class='ocrx_word' id='word_1_327' title='bbox 1682 4604 1970 4658; x_wconf 84' lang='lat' dir='ltr'>aviditate</span> <span class='ocrx_word' id='word_1_328' title='bbox 2006 4603 2279 4659; x_wconf 84' lang='lat' dir='ltr'>extiterit</span> <span class='ocrx_word' id='word_1_329' title='bbox 2312 4605 2372 4658; x_wconf 90' lang='lat' dir='ltr'>et</span> <span class='ocrx_word' id='word_1_330' title='bbox 2410 4604 2725 4672; x_wconf 86' lang='lat' dir='ltr'>probatum</span> <span class='ocrx_word' id='word_1_331' title='bbox 2764 4603 2946 4657; x_wconf 86' lang='lat' dir='ltr'>fuerit</span> <span class='ocrx_word' id='word_1_332' title='bbox 2981 4602 3138 4657; x_wconf 86' lang='lat' dir='ltr'>ultra</span> <span class='ocrx_word' id='word_1_333' title='bbox 3169 4605 3376 4658; x_wconf 85' lang='lat' dir='ltr'>vetus·</span> 
     </span>
     <span class='ocr_line' id='line_1_39' title="bbox 805 4688 3377 4758; baseline -0.001 -12"><span class='ocrx_word' id='word_1_334' title='bbox 805 4692 933 4746; x_wconf 84' lang='lat' dir='ltr'>tam</span> <span class='ocrx_word' id='word_1_335' title='bbox 988 4691 1493 4746; x_wconf 86' lang='lat' dir='ltr'>consuetudinem</span> <span class='ocrx_word' id='word_1_336' title='bbox 1550 4693 1612 4746; x_wconf 89' lang='lat' dir='ltr'>et</span> <span class='ocrx_word' id='word_1_337' title='bbox 1664 4694 1903 4745; x_wconf 82' lang='lat' dir='ltr'>nostrae</span> <span class='ocrx_word' id='word_1_338' title='bbox 1960 4691 2252 4745; x_wconf 86' lang='lat' dir='ltr'>terminos</span> <span class='ocrx_word' id='word_1_339' title='bbox 2293 4690 2586 4758; x_wconf 85' lang='lat' dir='ltr'>J&#39;ussionis</span> <span class='ocrx_word' id='word_1_340' title='bbox 2623 4690 2844 4757; x_wconf 90' lang='lat' dir='ltr'>aliquid</span> <span class='ocrx_word' id='word_1_341' title='bbox 2884 4704 2985 4744; x_wconf 88' lang='lat' dir='ltr'>eos</span> <span class='ocrx_word' id='word_1_342' title='bbox 3022 4688 3377 4758; x_wconf 82' lang='lat' dir='ltr'>profligasse</span> 
     </span>
     <span class='ocr_line' id='line_1_40' title="bbox 804 4778 3378 4847; baseline -0.001 -14"><span class='ocrx_word' id='word_1_343' title='bbox 804 4779 886 4833; x_wconf 91' lang='lat' dir='ltr'>rei</span> <span class='ocrx_word' id='word_1_344' title='bbox 944 4779 1096 4832; x_wconf 84' lang='lat' dir='ltr'>tanti</span> <span class='ocrx_word' id='word_1_345' title='bbox 1153 4779 1420 4833; x_wconf 85' lang='lat' dir='ltr'>criminis</span> <span class='ocrx_word' id='word_1_346' title='bbox 1457 4781 1743 4847; x_wconf 88' lang='lat' dir='ltr'>perpetuo</span> <span class='ocrx_word' id='word_1_347' title='bbox 1779 4779 1959 4833; x_wconf 83' lang='lat' dir='ltr'>exilio</span> <span class='ocrx_word' id='word_1_348' title='bbox 1996 4779 2343 4847; x_wconf 84' lang='lat' dir='ltr'>puniantur.</span> <span class='ocrx_word' id='word_1_349' title='bbox 2381 4778 2505 4833; x_wconf 86' lang='lat' dir='ltr'>Sub</span> <span class='ocrx_word' id='word_1_350' title='bbox 2545 4778 2964 4846; x_wconf 87' lang='lat' dir='ltr'>conspectibus</span> <span class='ocrx_word' id='word_1_351' title='bbox 3000 4778 3204 4831; x_wconf 87' lang='lat' dir='ltr'>autem</span> <span class='ocrx_word' id='word_1_352' title='bbox 3244 4779 3378 4832; x_wconf 90' lang='lat' dir='ltr'>tuis</span> 
     </span>
     <span class='ocr_line' id='line_1_41' title="bbox 804 4864 3073 4934; baseline 0 -16"><span class='ocrx_word' id='word_1_353' title='bbox 804 4864 898 4919; x_wconf 85' lang='lat' dir='ltr'>vel</span> <span class='ocrx_word' id='word_1_354' title='bbox 936 4879 1160 4932; x_wconf 89' lang='lat' dir='ltr'>eorum,</span> <span class='ocrx_word' id='word_1_355' title='bbox 1198 4866 1300 4934; x_wconf 91' lang='lat' dir='ltr'>qui</span> <span class='ocrx_word' id='word_1_356' title='bbox 1340 4868 1478 4920; x_wconf 87' lang='lat' dir='ltr'>tuae</span> <span class='ocrx_word' id='word_1_357' title='bbox 1516 4866 1794 4934; x_wconf 84' lang='lat' dir='ltr'>gravitati</span> <span class='ocrx_word' id='word_1_358' title='bbox 1831 4866 2184 4934; x_wconf 75' lang='lat' dir='ltr'>succedunt,</span> <span class='ocrx_word' id='word_1_359' title='bbox 2221 4866 2569 4920; x_wconf 80' lang='lat' dir='ltr'>licitationis</span> <span class='ocrx_word' id='word_1_360' title='bbox 2606 4880 2750 4920; x_wconf 84' lang='lat' dir='ltr'>cura</span> <span class='ocrx_word' id='word_1_361' title='bbox 2784 4866 3073 4920; x_wconf 82' lang='lat' dir='ltr'>servetur.</span> 
     </span>
    </p>
   </div>
  </div>
 </body>
</html>
