3770 5738
2008 477 2134 543 152

776 675 1015 738 autem
1063 675 1189 739 tua
1238 675 1648 756 magnitudo
1696 677 2078 742 maximam
2124 681 2398 760 partem
2447 696 2929 760 possessorum
2955 679 3331 746 Africanae

775 791 1176 873 provinciae
1244 793 1566 874 precibus
1635 795 1783 860 suis
1854 795 2185 861 intimare
2233 796 2588 862 desolatos
2636 814 2840 878 agros
2887 799 3331 880 remansisse,

774 927 935 975 01110
984 910 1224 976 divina
1271 910 1386 977 lex
1433 913 1878 994 promulgata
1922 914 2197 994 fuisset,
2235 916 2676 980 constituens
2703 918 2975 981 creatos
3001 933 3091 980 ex
3115 916 3333 981 libera

774 1031 1000 1094 matre
1062 1032 1135 1095 et
1182 1030 1628 1113 adscripticio
1677 1033 1931 1097 marito
1979 1032 2232 1098 liberos
2279 1050 2450 1098 esse.
2504 1033 2695 1116 Quod
2745 1034 3170 1099 contrarium
3221 1037 3332 1100 est

773 1147 1045 1228 legibus
1090 1148 1425 1231 antiquis,
1475 1167 1634 1214 cum
1682 1151 1846 1215 illae
1878 1151 2254 1216 manifeste
2282 1151 2745 1217 decreverunt
2770 1152 2986 1217 talem
3016 1153 3330 1219 subolem

772 1265 1294 1347 adscriptioiam
1364 1283 1537 1332 esse.
1611 1268 1715 1332 Ex
1787 1268 1917 1333 hac
1981 1270 2169 1334 enim
2216 1269 2505 1335 licentia
2552 1270 2677 1335 filii
2724 1271 3331 1352 adscripticiorum

773 1384 1080 1466 praedia,
1128 1384 1195 1450 in
1246 1385 1500 1465 quibus
1545 1386 1697 1451 nati
1737 1389 1929 1468 sunt,
1973 1387 2435 1469 dimittentes,
2479 1391 2553 1454 et
2601 1389 2672 1453 in
2719 1389 2879 1454 aliis
2926 1390 3332 1455 habitantes

771 1502 964 1584 10013,
1041 1505 1181 1568 tam
1249 1504 1489 1583 fiscum
1560 1523 1766 1586 quam
1826 1506 2130 1572 dominos
2186 1508 2641 1589 praediorum
2691 1508 2991 1573 ‘minuere
3039 1511 3112 1573 et
3159 1509 3330 1574 haec

771 1619 1085 1686 dicentes
1168 1621 1744 1703 supplicaverunt
1813 1625 2155 1705 corrigere
2225 1626 2353 1690 1100
2424 1625 2812 1707 capitulum
2882 1626 3062 1708 apud
3135 1626 3331 1692 illam

770 1739 1223 1821 provinciam,
1273 1740 1460 1805 sicut
1504 1744 1577 1806 et
1625 1745 1825 1822 pater
1872 1744 2114 1807 noster
2161 1743 2560 1823 praedictae
2608 1742 2782 1824 legis
2822 1743 3005 1809 lator
3053 1744 3122 1808 in
3170 1743 3330 1827 Illy-

769 1856 1108 1923 ricianam
1154 1857 1344 1941 fecit,
1391 1860 1835 1925 constituens
1884 1859 2085 1942 filios,
2136 1861 2254 1941 qui
2304 1864 2692 1926 nascuntur
2739 1878 2827 1926 ex
2861 1861 3078 1927 libera
3101 1872 3330 1928 matre

769 1978 981 2056 atque
1025 1976 1472 2057 adscriptioio
1518 1979 1739 2059 patre,
1786 1978 2045 2043 liberos
2092 1996 2247 2044 esse
2295 1996 2453 2044 cum
2498 1980 2645 2045 suis
2685 1980 2915 2062 1011113,
2941 1980 3062 2045 3οᾶ
3088 1983 3328 2046 tamen

769 2093 1069 2175 0010003,
1119 2096 1201 2159 ut
1248 2111 1387 2159 non
1426 2095 1637 2160 liceat
1661 2096 1989 2178 terrulas,
2015 2098 2132 2162 ubi
2159 2098 2310 2162 nati
2335 2100 2527 2176 sunt,
2553 2097 2943 2180 relinquere
2967 2100 3042 2163 et
3065 2099 3332 2164 alienas

769 2210 1012 2277 colere.
1084 2212 1218 2277 His
1287 2214 1505 2294 igitur
1574 2217 1857 2280 nostrae
1929 2216 2298 2281 serenitati
2368 2216 2815 2297 suggestione
2888 2220 3014 2282 tua
3061 2216 3330 2300 relatis,

767 2323 1240 2396 necessarium
1288 2348 1442 2397 esse
1490 2333 1977 2414 perspeximus
2010 2352 2436 2416 possessores
2481 2335 2806 2416 subjectos
2838 2340 3106 2401 nostros
3130 2339 3335 2417 atque

765 2449 1141 2532 functiones
1197 2451 1512 2532 publicas
1579 2451 1928 2534 adjuvare.
2004 2452 2204 2517 Unde
2274 2453 2631 2518 sancimus
2679 2453 2749 2517 in
2802 2452 3137 2518 Africana
3181 2471 3331 2535 pro·

771 2568 1005 2633 vincia
1080 2568 1259 2635 filios
1335 2586 1425 2635 ex
1493 2570 1711 2635 libera
1780 2574 2008 2636 matre
2077 2574 2151 2637 et
2211 2571 2655 2653 adscripticio
2703 2575 2904 2653 patre
2952 2573 3333 2654 productos

771 2686 1029 2753 liberos
1104 2688 1387 2769 quidem
1455 2705 1631 2771 esse,
1696 2692 1770 2754 et
1835 2706 1947 2754 res
1994 2690 2310 2771 proprias
2358 2691 2634 2770 habere,
2684 2690 2754 2754 in
2803 2690 3042 2755 ordine
3088 2692 3330 2755 tamen

773 2805 1175 2872 colonorum
1244 2823 1419 2887 0330,
1477 2809 1551 2872 et
1597 2824 1735 2873 non
1784 2824 1987 2889 posse
2034 2825 2153 2874 003
2201 2807 2559 2874 dimittere
2607 2808 2911 2891 praedia,
2957 2809 3028 2873 in
3078 2808 3334 2890 quibus

773 2924 924 2989 nati
994 2927 1184 3006 sunt,
1254 2928 1330 2991 et
1399 2926 1717 2991 excolere
1784 2926 2039 3010 aliena,
2096 2927 2216 2992 sed
2268 2927 2459 2992 vicos
2511 2927 2721 3009 ipsos,
2771 2928 2844 2991 in
2892 2928 3144 3009 quibus
3192 2928 3331 2993 orti

754 3031 964 3124 sunt,
1035 3061 1194 3109 cum
1270 3044 1599 3109 libert-ate
1671 3043 1932 3126 colere3
1995 3047 2092 3110 sic
2138 3047 2376 3110 etenim
2416 3064 2531 3111 nec
2578 3046 2784 3125 fiscus
2827 3064 2944 3110 nec
2976 3064 3334 3128 possessor

773 3162 1112 3226 laeditur-’⁹
1139 3157 1214 3245 ¹).

865 3279 1268 3359 Antequam
1314 3282 1554 3345 autem
1599 3281 2039 3361 inquirimus,
2087 3296 2264 3360 quae
2311 3280 2577 3345 fuerint
2623 3298 2896 3362 causae,
2923 3298 3101 3361 quae
3125 3282 3333 3362 impe-

771 3401 1077 3463 ratorem
1125 3402 1634 3480 permoverent,
1685 3401 1765 3463 ut
1813 3399 1957 3462 vim
2005 3400 2103 3463 rei
2148 3398 2464 3479 publicae
2490 3399 2773 3464 afferret
2799 3401 2868 3463 in
2892 3399 3330 3464 commodum

772 3534 1252 3598 possessorum
1342 3522 1417 3582 et
1493 3518 1663 3599 fisci,
1738 3518 2039 3599 primum
2111 3518 2423 3583 omnium
2496 3518 2876 3599 observatu
2945 3518 3155 3599 digna
3222 3521 3337 3583 est

770 3636 1072 3717 simplex
1135 3635 1254 3700 illa
1300 3637 1504 3718 ratio,
1553 3652 1690 3716 qua
1746 3652 1998 3701 causae
2050 3636 2544 3701 adhaerentiae
2600 3647 3125 3701 enumerantur.
3176 3636 3329 3701 Non

770 3754 1030 3819 dicitur
1091 3757 1371 3835 recepta
1417 3771 1569 3820 0330
1616 3755 2085 3836 ayriculturae
2133 3771 2406 3835 causae,
2457 3754 2577 3818 sed
2626 3755 2698 3818 in
2749 3754 3136 3819 utilitatem
3183 3771 3332 3836 pos·

768 3889 1142 3938 sessorum.
1217 3872 1410 3937 Talia
1457 3873 1784 3953 ambigua
1846 3873 2240 3954 enuntiata,
2289 3889 2377 3937 ex
2428 3872 2853 3953 cogitatione
2903 3875 3060 3938 orta
3107 3889 3331 3954 neque

766 3991 852 4057 ad
924 4008 1261 4056 sensuum
1331 3991 1760 4056 evidentiam
1828 3991 2353 4055 accommodata
2400 3991 2785 4071 (abstract),
2848 3990 3083 4071 qualia
3128 3991 3332 4056 hodie

767 4109 840 4174 in
910 4127 1044 4174 usu
1112 4112 1283 4174 sunt
1354 4146 1417 4155 —
1476 4109 1883 4190 saepissime
1933 4109 2120 4173 enim
2169 4109 2553 4190 loquuntur
2606 4109 2688 4173 de
2738 4109 3096 4174 commodo
3143 4111 3330 4175 indu-

762 4229 977 4293 striae
1045 4230 1171 4293 aut
1215 4228 1704 4310 ayriculturae,
1759 4245 1919 4292 cum
1967 4228 2203 4308 potius
2251 4228 2702 4308 cogitandum
2751 4230 2863 4292 est
2911 4227 2994 4292 de
3041 4228 3332 4293 officina·

763 4363 920 4411 rum
991 4350 1118 4413 aut
1153 4334 1499 4427 'agrorum
1546 4346 2063 4427 possessoribus
2108 4358 2197 4391 ·—
2249 4347 2560 4411 nondum
2608 4347 3155 4428 usurpabantur,
3204 4346 3329 4412 sor·

763 4466 953 4529 tasse
1022 4465 1348 4545 quoniam
1418 4465 1821 4530 colonorum
1903 4464 2069 4530 ordo
2118 4463 2456 4529 infirmior
2502 4466 2656 4529 erat
2706 4482 2918 4545 quam
2968 4468 3051 4530 ut
3100 4481 3330 4529 00003-

762 4583 1024 4647 sarium
1094 4586 1283 4648 esset
1352 4600 1453 4666 03,
1501 4600 1677 4664 quae
1724 4600 1797 4648 re
1846 4601 2016 4648 vera
2063 4584 2418 4665 proposita
2466 4586 2689 4664 erant,
2742 4583 2966 4648 celare
3001 4580 3071 4659 2).
3123 4583 3328 4664 Apud

829 4749 867 4813 ¹)
908 4748 1276 4805 Constitutio
1315 4749 1543 4804 Justini
1581 4749 1794 4816 Imper.
1835 4749 1908 4804 (10
1945 4750 2085 4805 filiis
2122 4750 2466 4820 liberarum,
2504 4750 2568 4804 111
2607 4749 2871 4806 Africam
2911 4749 3154 4806 directa.

821 4842 862 4907 ²)
899 4843 1260 4898 Anastasius
1306 4843 1492 4898 3011101
1539 4842 1683 4898 dicit
1731 4843 1805 4898 de
1842 4842 2261 4898 adhaerentia:
2302 4850 2452 4900 τοῦτο
2493 4843 2547 4900 δὲ
2585 4844 2677 4898 καὶ
2714 4852 2784 4919 τῷ
2825 4838 3050 4920 &eL-mim
3088 4846 3178 4902 καὶ
3211 4852 3325 4901 τοῖς
