3770 5738
2018 498 2107 565 60

766 692 1281 775 inquilinosque
1353 714 1471 774 per
1542 695 1902 778 Illyricum
1973 698 2377 777 vicinasque
2424 697 2740 777 regiones
2793 695 3089 759 abeundi
3141 711 3317 774 rure,

772 812 838 875 in
911 830 1045 892 quo
1094 831 1212 878 eos
1276 814 1562 895 originis
1609 817 2142 896 agnationisque
2185 817 2433 881 merito
2478 820 2749 880 certum
2796 818 2907 879 est
2954 813 3323 894 immorari,

768 931 1127 997 licentiam
1199 934 1452 998 habere
1524 953 1662 1000 non
1735 952 1940 1016 posse
2013 953 2397 1001 censemus,
2469 934 2872 1019 Inserviant
2936 932 3147 997 terris
3199 949 3326 995 non

769 1050 1130 1116 tributario
1173 1071 1369 1133 nescu,
1419 1052 1537 1117 sed
1570 1030 1848 1119 nornine
1873 1057 1947 1119 et
1985 1055 2192 1119 titulo
2219 1051 2686 1119 colonorum.”
2716 1051 2808 1116 Hi
2835 1051 3058 1116 coloni
3085 1052 3325 1131 utpote

765 1184 942 1248 quae
990 1172 1178 1234 esset
1225 1170 1421 1251 plebs
1471 1173 1755 1255 rustica,
1809 1173 2154 1237 tributum
2186 1173 2437 1254 capitis
2462 1171 2849 1236 solvebant.
2879 1170 3061 1232 Num
3090 1172 3325 1233 autem

764 1286 1145 1352 verisimile
1195 1288 1476 1354 videtur
1523 1291 1763 1355 eodem
1816 1296 2148 1373 tempore,
2199 1308 2333 1370 quo
2358 1288 3325 1371 colonatusintroduceretur,

763 1405 879 1486 qui
944 1406 1222 1485 quidem
1295 1409 1369 1472 et
1440 1408 1578 1472 alia
1625 1411 1991 1489 spectabat
2040 1412 2112 1474 et
2161 1415 2244 1473 ut
2291 1426 2402 1473 res
2453 1408 2728 1490 publica
2774 1409 3044 1472 certum
3093 1422 3323 1469 nume.

764 1541 919 1587 rum
968 1525 1419 1605 vectigalium
1472 1528 1781 1609 haberet,
1829 1528 2110 1593 colonos
2161 1529 2288 1592 hoc
2332 1528 2599 1592 tributo
2650 1532 3015 1608 exemptos
3058 1526 3324 1601 fuisse?

764 1642 949 1708 Num
1021 1647 1383 1726 praeterea
1452 1646 1656 1712 facile
1727 1648 1883 1727 quis
1960 1647 2200 1712 credat
2271 1647 2723 1712 abolitionem
2772 1644 3025 1726 capitis
3074 1644 3320 1709 tributi

764 1763 909 1826 tam
958 1764 1287 1845 ambigua
1327 1769 1539 1845 atque
1588 1765 1866 1846 obliqua
1915 1766 2185 1830 ratione
2234 1766 2493 1831 factam
2541 1764 2810 1828 fuisse?
2889 1840 2898 1851 ι

855 1881 916 1944 3,
970 1881 1045 1944 In
1103 1882 1175 1946 L.
1228 1885 1289 1946 8.
1347 1882 1417 1948 O.
1466 1884 1526 1947 J.
1576 1884 1699 1948 XI.
1732 1886 1839 1948 48.
1867 1901 2094 1949 sermo
2136 1888 2247 1950 est
2274 1884 2360 1949 de
2384 1884 2676 1950 tributis
2702 1884 3123 1948 colonorum.
3153 1882 3316 1961 LeX,

764 2001 1117 2079 quatenus
1188 2001 1323 2066 huc
1394 2000 1585 2083 facit,
1657 2003 2055 2083 hujusmodi
2105 2005 2243 2068 est:
2306 2002 2600 2086 „Omnes
2649 2002 2920 2083 profugi
2971 2001 3041 2064 in
3089 1999 3318 2064 alieno

762 2116 1067 2183 latebras
1130 2120 1557 2185 collocantes
1609 2138 1768 2185 cum
1817 2121 2311 2186 emolumentis
2357 2120 2775 2199 tributariiS,
2808 2119 3032 2183 ‘salva
3078 2120 3316 2182 tamen

760 2236 1258 2315 moderatione,
1306 2242 1742 2319 revocentur,
1793 2239 2064 2305 scilicet
2107 2244 2188 2304 ut
2213 2240 2295 2321 si,
2323 2240 2504 2321 apud
2533 2255 2706 2318 quos
2734 2238 3048 2302 homines
3075 2223 3319 2319 reperi·

761 2360 999 2436 untur,
1047 2356 1313 2421 alienos
1360 2374 1514 2422 esse
1546 2361 1890 2423 noverant
1916 2357 2253 2438 fugitivos
2279 2361 2351 2423 et
2377 2357 2688 2438 profugis
2717 2358 2779 2420 in
2813 2357 3084 2420 lucrum
3109 2372 3314 2420 suum

760 2473 869 2537 usi
902 2476 1093 2555 sunt,
1128 2475 1256 2540 hoc
1291 2477 1400 2540 est
1423 2476 1573 2541 sive
1598 2476 2059 2541 excoluerunt
2085 2494 2287 2556 agros
2312 2476 2659 2541 fructibus
2685 2474 2983 2539 dominis
3009 2473 3316 2554 profutu-

760 2608 895 2672 rOS,
942 2592 1091 2657 sive
1139 2593 1373 2673 aliqua
1418 2595 1505 2657 ab
1554 2594 1773 2659 isdem
1798 2595 1930 2660 sibi
1960 2595 2278 2675 injuncta
2302 2597 2746 2659 novaverant
2774 2610 2901 2657 nec
2927 2592 3314 2657 mercedem

755 2709 1010 2775 laboris
1082 2710 1392 2776 debitam
1467 2713 1825 2777 consecuti
1881 2715 2075 2792 sunt,
2139 2713 2225 2776 ab
2277 2712 2415 2777 illis
2468 2712 2739 2777 tributa
2786 2726 2964 2791 quae
3013 2709 3314 2791 publicis

752 2829 1113 2909 perierunt
1189 2829 1669 2896 functionibus
1747 2830 2191 2912 exigantur.’'
2278 2831 2525 2911 Itaque
2604 2830 3010 2895 detentator
3082 2827 3307 2894 coloni

747 2947 1028 3027 fugitivi
1078 2966 1239 3013 cum
1285 2951 1470 3015 hunc
1519 2951 1802 3015 reddere
1851 2954 2007 3015 tum
2055 2952 2325 3015 tributa
2374 2950 2746 3015 restituere
2795 2948 3092 3013 debebat
3131 2964 3310 3028 quae

749 3065 914 3130 fisco
966 3067 1337 3147 perierant.
1388 3067 1569 3133 Fieri
1616 3071 1857 3133 autem
1907 3087 2044 3133 non
2097 3070 2330 3151 potest
2380 3070 2461 3133 ut
2511 3069 2680 3132 haec
2729 3068 2998 3132 tributa
3040 3066 3307 3130 fuerint

747 3183 1098 3248 tributum
1169 3186 1455 3265 capitis3
1530 3187 1792 3251 etenim
1864 3186 2262 3266 ubicunque
2331 3189 2459 3251 aut
2537 3186 2718 3267 apud
2794 3157 3320 3266 quemcumque*

748 3301 1121 3384 dominum,
1181 3304 1525 3383 fugitivus
1599 3308 1932 3385 moratur,
2005 3323 2225 3385 usque
2297 3322 2568 3387 quoque
2644 3305 2988 3368 tributum
3049 3303 3307 3383 capitis

747 3420 1018 3485 solvere
1083 3421 1291 3487 debet
1335 3426 1408 3488 et
1456 3423 1606 3503 ejus
1652 3424 1817 3503 fuga
1866 3424 2256 3504 respublica
2309 3423 2498 3487 nullo
2551 3422 2752 3487 modo
2800 3422 3307 3486 detrimentum

744 3538 994 3603 tributi
1044 3556 1289 3620 capere
1338 3543 1593 3621 potest.

837 3660 899 3720 4.
952 3656 1054 3721 Ex
1103 3674 1185 3722 ea
1232 3658 1405 3738 lege,
1456 3676 1541 3723 ex
1593 3676 1729 3738 qua
1776 3660 1946 3723 haec
2003 3659 2389 3740 disputatio
2440 3659 2846 3733 ducebatur,
2895 3657 2991 3735 (L.
3057 3656 3302 3721 1.C.J.

743 3773 869 3838 XI.
921 3775 1038 3850 52)
1086 3779 1379 3858 apparet
1427 3778 1928 3858 capitationem
1978 3779 2357 3842 humanam
2407 3777 2605 3859 quasi
2655 3777 3015 3841 vinculum
3047 3791 3305 3856 ponere

746 3893 933 3958 inter
1001 3894 1325 3959 colonum
1399 3898 1472 3959 et
1543 3896 1924 3977 dominum,
2003 3913 2230 3960 sermo
2289 3899 2401 3961 est
2454 3896 2538 3960 de
2594 3895 2836 3977 „fortis
2885 3894 3304 3958 tributariae

744 4010 975 4076 nexu”
1065 4029 1200 4094 quo
1277 4017 1483 4095 rupto
1558 4016 1798 4079 tamen
1871 4015 2242 4080 colonatus
2313 4031 2447 4079 non
2523 4013 2786 4077 finitur.
2862 4011 2992 4076 Sed
3068 4012 3306 4092 ipsum

741 4130 1092 4226 tributum
1162 4132 1415 4212 capitis
1486 4134 1768 4198 unicum
1830 4138 1941 4199 est
2015 4135 2363 4198 tributum
2413 4132 2593 4214 quod
2646 4132 2870 4197 coloni
2921 4134 3303 4210 (quatenus

741 4264 878 4312 non
927 4227 1624 4331 terram'possident)
1676 4253 1806 4333 ipsi
1856 4269 1979 4333 per
2027 4269 2101 4317 se
2128 4252 2291 4317 fisco
2316 4251 2819 4328 solvebant;in
2848 4251 2973 4314 boc
3000 4249 3302 4313 dominis

741 4366 917 4430 nihil
965 4366 1065 4431 rei
1112 4370 1266 4432 erat
1314 4385 1473 4432 cum
1522 4369 1805 4434 colonis,
1871 4407 1933 4415 —-

830 4483 992 4549 Tale
1063 4486 1423 4551 vinculum
1501 4523 1563 4533 -
1641 4490 1713 4552 et
1785 4489 2124 4554 videntur·
2190 4489 2319 4553 hac
2390 4505 2463 4552 re
2537 4504 2780 4551 omnes
2837 4484 3297 4550 difficultates

737 4602 1017 4667 enodari
1067 4621 1269 4685 posse
1320 4641 1402 4650 —
1453 4610 1657 4670 extat
1705 4623 1873 4672 sane
1924 4609 2110 4671 inter
2161 4607 2476 4672 dominos
2526 4609 2599 4670 et
2646 4604 3149 4685 adscripticios5
3179 4620 3298 4668 eos

735 4719 1007 4785 scilicet
1053 4722 1333 4788 colonos
1382 4725 1499 4806 qui
1555 4733 1714 4788 cum
1763 4725 2037 4806 peculio
2085 4726 2159 4789 in
2207 4727 2564 4805 potestate
2614 4725 2785 4787 sunt
2835 4723 3296 4800 dominorum,

735 4840 810 4904 et
848 4839 1062 4921 juxta
1106 4857 1319 4921 pecus
1362 4848 1437 4910 et
1483 4860 1726 4914 servos
1772 4845 1842 4908 in
1894 4845 2146 4910 horum
2183 4844 2358 4908 libro
2385 4844 2696 4909 censuali
2724 4844 2893 4908 sunt
2918 4837 3255 4923 adscripti
3281 4861 3296 4922 ;
