3770 5738
1930 504 2055 568 118

806 701 956 767 Hae
1004 702 1532 766 observationes
1576 702 1936 781 generales
1985 703 2220 766 tamen
2271 703 2351 766 ut
2383 702 2485 766 ita
2516 701 2743 766 dicam
2768 702 2902 766 fine
2929 706 3273 784 carerent,

714 822 846 886 nisi
890 822 1244 902 postremo
1291 820 1354 884 ei
1400 820 1797 900 quaestioni
1842 821 2404 903 responderetur,
2454 820 2615 899 quid
2644 820 2930 885 tandem
2970 822 3275 886 voluerit

713 941 881 1004 nota
927 939 1047 1003 illa
1092 937 1297 1003 Plinii
1352 937 1636 1018 majoris
1681 938 2057 1013 sententia,
2084 938 2457 1002 latifundia
2483 938 2765 1003 Italiam
2790 939 3174 1019 perdidisse
3201 936 3273 1017 1).

713 1059 1127 1123 Ronsnnros
1196 1056 1636 1121 existimavit
1703 1073 1862 1121 eum
1934 1056 2369 1136 spectavisse
2438 1056 2524 1120 ad
2574 1057 2916 1121 rationem
2989 1075 3276 1138 magnos

712 1193 915 1257 agros
985 1176 1239 1240 colendi
1307 1174 1597 1255 ejusque
1663 1177 2035 1239 eventum:
2109 1174 2486 1239 liberorum
2555 1175 3015 1254 agricolarum
3078 1193 3274 1241 exac-

713 1294 996 1359 tionem.
1070 1292 1294 1373 supra
1342 1293 1648 1357 vidimus
1696 1292 1875 1357 hanc
1927 1293 2320 1374 opinionem
2373 1310 2509 1358 non
2558 1295 2750 1357 recte
2798 1310 2951 1358 sese
2999 1294 3273 1359 habere.

714 1412 1254 1477 Hffls'rsssssnnox
1324 1411 1618 1476 credidit
1686 1410 1991 1476 Plinium
2039 1412 2460 1492 cogitavisse
2533 1411 2616 1476 de
2663 1412 2934 1476 ratione
2985 1429 3275 1492 magnos

712 1548 914 1611 agros
948 1530 1342 1614 possidendi
1389 1529 1501 1594 vel
1541 1529 1941 1595 accuratius
1967 1529 2054 1594 ad
2081 1530 2590 1610 possessionem
2618 1530 3021 1612 immunem,
3064 1548 3274 1611 quam

713 1650 1024 1715 effecisse
1095 1650 1379 1730 putavit
1428 1653 1510 1713 ut
1554 1649 1703 1730 agri
1749 1651 1876 1713 aut
1925 1649 1994 1712 in
2044 1665 2305 1730 pascua
2354 1651 2799 1713 mutarentur
2846 1652 2974 1713 aut
3022 1649 3273 1714 inculti

712 1770 1098 1834 manerent.
1148 1767 1473 1832 Vidimus
1519 1767 1734 1832 etiam
1783 1768 1961 1831 hanc
2002 1767 2432 1832 sententiam
2457 1767 2740 1832 minime
2766 1767 2838 1831 in
2864 1768 3272 1832 universum

712 1887 967 1951 valere.
1015 1886 1249 1951 Tertia
1294 1889 1535 1951 autem
1582 1885 1980 1966 explicatio,
2029 1901 2244 1964 eaque
2290 1903 2400 1950 me
2434 1885 2667 1966 judice
2693 1886 3080 1968 verissima,
3106 1886 3274 1951 data

713 2007 825 2070 est
894 2022 936 2069 a
986 2005 1138 2069 viro
1187 2005 1271 2068 cl.
1321 2004 1665 2069 Mommsen
1693 2000 1767 2086 2).
1847 2003 2021 2087 „Der
2077 2004 2394 2084 tilchtige
2444 2002 2653 2068 Manu
2703 2005 2827 2068 hat
2874 2005 2983 2069 bei
3032 2003 3269 2069 diesen

717 2124 1124 2204 unwilligen
1174 2122 1472 2188 Worten
1523 2123 1719 2187 nicht
1766 2123 2111 2186 zunachst
2161 2121 2291 2186 den
2318 2121 2712 2203 Gegensatz
2738 2123 2857 2186 der
2882 2123 3099 2187 freien
3128 2123 3269 2186 und

717 2242 840 2306 der
887 2240 1715 2308 unfreienFeldarbeiter
1739 2240 1833 2304 im
1882 2238 2078 2321 Sinn,
2133 2240 2431 2305 sondern
2481 2258 2687 2304 wenn
2716 2240 2911 2304 nicht
2936 2241 3167 2320 allein,
3195 2258 3271 2305 so

716 2360 891 2424 doch
939 2359 1469 2441 hauptsachlich
1496 2359 1628 2424 den
1659 2359 1778 2423 der
1803 2359 2207 2438 ansassigen
2236 2358 2707 2423 Kleinbauern
2736 2358 2876 2423 und
2903 2359 3024 2423 der
3050 2359 3271 2440 eigen-

716 2478 1118 2543 thumlosen
1160 2478 1676 2558 Kleinpachter.
1751 2475 1913 2541 Wie
1966 2476 2102 2541 viel
2154 2477 2352 2541 dabei
2403 2476 2713 2541 Realitat
2761 2476 2901 2541 und
2951 2478 3085 2541 wie
3134 2477 3271 2542 viel

719 2597 981 2661 Phrase
1029 2596 1147 2678 ist,
1195 2595 1324 2660 soll
1372 2595 1523 2659 hier
1569 2595 1765 2659 nicht
1813 2595 2234 2659 untersucht
2282 2594 2600 2675 werden;
2653 2595 2774 2660 der
2798 2595 2963 2659 Satz
2987 2595 3084 2660 ist
3108 2595 3269 2660 kein

719 2713 1564 2779 nationalokonomisches
1628 2713 2107 2794 Evangelium,
2181 2713 2481 2778 sondern
2557 2714 2709 2777 eine
2786 2714 3273 2794 Kundgebung

720 2832 839 2898 der
886 2831 1156 2897 idealen
1208 2830 1636 2912 Auffassung
1688 2831 1809 2897 der
1854 2831 2182 2897 friiheren
2233 2831 2580 2914 Republik
2628 2832 2723 2896 im
2763 2830 3158 2913 Gegensatz
3183 2849 3273 2897 zu

718 2952 876 3016 dem
930 2953 1254 3033 spateren
1304 2949 1781 3015 versallenden
1831 2949 2384 3030 Gemeinwesen,
2434 2950 2567 3014 wie
2608 2951 2708 3015 sie
2733 2950 2854 3015 der
2876 2950 3269 3016 romischen

720 3070 1198 3149 Betrachtung
1246 3068 1543 3149 gelaufig
1592 3068 1730 3133 ist’'
1760 3064 1830 3145 ³).
1881 3069 2269 3133 Observare
2318 3069 2484 3134 licet
2531 3069 2744 3134 etiam
2776 3069 2976 3134 hodie
3003 3070 3272 3134 tumide

717 3187 904 3252 dicta
973 3187 1210 3266 qualia
1255 3189 1425 3251 sunt
1483 3187 1858 3271 „interitus
1907 3187 2267 3251 societatis
2316 3186 2707 3252 humanae”
2758 3190 2831 3252 et
2874 3188 3275 3268 hujusmodi

715 3305 872 3387 alia,
946 3308 1229 3385 propter
1278 3304 1796 3369 diversissimas
1867 3322 1980 3368 res
2028 3307 2391 3386 usurpata,
2441 3305 2782 3387 imprimis
2829 3306 2916 3370 ab
2965 3306 3272 3371 laudato-

665 3496 670 3501 ,
716 3424 911 3488 ribus
1005 3423 1342 3503 temporis
1428 3423 1594 3504 acti,
1682 3423 1968 3487 minime
2041 3440 2198 3487 rara
2267 3440 2443 3504 esse,
2520 3460 2602 3469 —
2677 3424 2967 3503 grandia
3039 3424 3275 3506 verba,

715 3542 968 3622 quibus
1016 3541 1469 3606 nihilominus
1520 3541 1785 3606 veritas
1833 3541 2014 3606 male
2061 3541 2457 3622 respondet.
2522 3578 2582 3586 —

713 3809 847 3864 eine
901 3808 1104 3863 solche
1159 3806 1731 3863 Wirtschaftsweise
1786 3808 2080 3876 geeignet‚
2117 3809 2201 3863 im
2240 3808 2546 3863 Altertum
2584 3808 2955 3864 namentlich
2994 3809 3276 3879 Apulien,

714 3896 838 3951 und
876 3896 986 3950 wir
1022 3894 1228 3950 finden
1265 3895 1400 3949 dort
1438 3895 1560 3949 und
1597 3895 1657 3949 in
1697 3895 1810 3949 den
1850 3895 2047 3965 calleS,
2086 3895 2199 3950 den
2240 3895 2463 3950 Triften
2501 3896 2565 3949 in
2602 3896 2718 3951 den
2755 3896 3275 3952 mittelitalischen
3306 3896 3310 3900 ’

712 3982 1193 4050 Gebirgsketten,
1239 3982 1301 4036 in
1338 3982 1442 4036 der
1479 3981 1633 4036 That
1669 3982 2033 4037 wandernde
2071 3982 2287 4037 Hirten
2326 3984 2437 4038 mit
2472 3983 2834 4052 gewaltigen
2872 3982 3273 4053 Viehherden‚

711 4085 863 4138 ganz
899 4070 1014 4124 wie
1040 4070 1194 4124 noch
1222 4069 1423 4124 heuto.
1457 4100 1509 4107 —
1539 4068 1610 4123 cf.
1633 4070 1997 4139 Euhium,
2017 4070 2691 4138 Bevolkerungswesen‚
2713 4070 3273 4126 Handworterbuch

711 4157 816 4212 der
871 4156 1155 4212 Staatsw.
1209 4155 1309 4211 11².
1349 4171 1405 4225 p.
1440 4157 1561 4211 679.
1605 4187 1657 4194 —
1712 4156 1943 4211 Notatu
1980 4157 2231 4225 dignum
2267 4159 2374 4225 est,
2414 4157 2598 4212 etiam
2637 4157 2945 4212 Caesarem
2987 4159 3271 4212 conatum

711 4244 928 4299 saltem
985 4257 1116 4298 esse
1162 4243 1443 4312 perficere
1495 4244 1566 4299 ut
1624 4244 1686 4299 in
1727 4258 1787 4298 re
1824 4244 2104 4312 pecuaria
2141 4244 2316 4299 tertia
2352 4259 2489 4313 pars
2526 4247 2840 4312 pastorum
2876 4245 3061 4299 libera
3095 4245 3277 4299 esset.

710 4331 898 4395 (Suet.
956 4329 1119 4386 CaeS.
1169 4331 1238 4385 42
1264 4371 1424 4385 .....
1429 4344 1579 4385 neve
1632 4330 1691 4396 ii,
1749 4331 1852 4398 qui
1906 4331 2248 4399 pecuariam
2300 4331 2583 4401 facerent,
2640 4333 2843 4386 minus
2890 4332 3071 4386 tertia
3105 4334 3273 4400 parte

710 4418 1005 4487 puberum
1057 4418 1458 4486 ingenuorum
1521 4418 1680 4472 inter
1733 4422 2004 4486 pastores
2038 4418 2367 4483 haberent.)
2406 4418 2683 4474 Traditur
2719 4419 2903 4474 etiam
2938 4419 3001 4473 in
3038 4419 3272 4486 legibus

711 4505 829 4561 Lic.
867 4505 1093 4561 Sextiis
1129 4519 1180 4560 a.
1217 4505 1319 4560 367
1355 4505 1579 4573 aliquid
1617 4506 1925 4560 statutum
1962 4505 2151 4561 fuisse
2188 4506 2259 4561 de
2299 4507 2473 4562 modo
2510 4521 2837 4563 servorum.

785 4592 824 4660 ¹)
861 4592 1113 4648 Plinius
1166 4593 1301 4648 Nat.
1356 4592 1499 4648 hist.
1555 4591 1783 4647 XVIII.
1819 4592 1957 4647 735.
1994 4591 2222 4648 Verum
2260 4593 2695 4649 confitentibus
2730 4593 3050 4649 latifundia
3084 4594 3269 4663 perdi·

716 4680 853 4735 dere
892 4680 1146 4750 Italiam,
1177 4680 1305 4747 jam
1343 4693 1483 4736 vero
1522 4682 1584 4734 et
1619 4679 1973 4748 provincias

783 4767 831 4831 ¹)
869 4767 1066 4822 Etiam
1104 4768 1350 4836 accepta
1384 4768 1480 4821 est
1517 4781 1552 4820 a
1592 4766 1714 4821 viro
1753 4765 1821 4821 cl.
1861 4766 2211 4837 Senun'mn,
2249 4766 2354 4821 Die
2392 4772 2539 4822 rom.
2574 4766 2847 4823 Grundh.
2886 4783 2942 4837 p.
2980 4769 3098 4823 125.

782 4853 821 4922 ⁸)
866 4853 1190 4923 Mommsen,
1229 4854 1488 4908 Hermes
1523 4852 1692 4908 XIX.
1728 4868 1784 4923 p.
1819 4854 1941 4908 416.
