3770 5738
1972 474 2098 538 174

721 670 900 734 hanc
949 670 1296 735 rationem
1344 669 1657 734 inibant:
1712 673 1794 735 ut
1839 671 1987 751 agri
2034 671 2344 751 alioquin
2368 671 2617 736 inculti
2642 672 3031 737 mercedem
3056 674 3291 740 redde-

721 792 901 871 rent,
954 791 1028 853 et
1075 788 1288 854 simul
1334 790 1417 853 ut
1469 787 1663 853 nullo
1714 788 1940 869 pretio
1983 789 2335 871 operarios
2361 788 2699 855 haberent
2725 790 3029 871 ipsorum
3059 792 3291 874 villae,

721 907 790 971 in
863 923 1002 987 qua
1069 907 1295 971 coloni
1344 923 1591 987 operas
1635 924 1799 972 suas
1847 909 1921 971 et
1959 906 2129 988 juga
2180 908 2510 987 praebere
2560 908 2928 973 debebant.
3027 909 3289 975 Merces

722 1025 1128 1105 plerumque
1175 1025 1611 1106 pendebatur
1656 1025 1729 1088 in
1776 1025 1987 1089 rebus
2035 1025 2501 1107 naturalibuS,
2543 1028 2738 1091 certa
2765 1026 3066 1107 quadam
3093 1030 3293 1108 parte

720 1145 1100 1226 fructuum,
1130 1142 1411 1208 valebat
1433 1142 1649 1227 igitur
1674 1142 1928 1206 locatio
1955 1142 2311 1225 partiaria,
2339 1160 2514 1224 quae
2540 1143 2851 1209 medium
2877 1148 3076 1210 tenet
3102 1146 3288 1210 inter

722 1257 1141 1325 locationem
1178 1264 1250 1325 et
1275 1260 1582 1325 laborem
1612 1261 2186 1326 mercennarium.
2239 1260 2793 1344 LexlocationiS,
2820 1279 2958 1342 qua
2984 1268 3287 1345 utraque

718 1396 879 1459 pars
970 1379 1311 1443 obstricta
1408 1382 1618 1461 esset,
1694 1378 1971 1459 deerat;
2045 1378 2116 1442 in
2196 1379 2405 1461 hujus
2486 1379 2716 1444 locum
2788 1380 3101 1446 subierat
3174 1382 3287 1447 lex

722 1495 968 1579 saltus,
1039 1513 1082 1561 a
1155 1496 1431 1561 domino
1503 1499 1788 1562 tantum
1856 1497 2289 1580 renuntiata,
2340 1498 2451 1562 cui
2501 1497 2725 1562 coloni
2778 1498 2926 1580 ipso
2979 1499 3289 1565 incolatu

722 1615 1002 1679 obnoxii
1101 1614 1382 1680 fiebant.
1476 1614 1724 1695 Itaque
1815 1615 2128 1679 condicio
2201 1631 2443 1680 eorum
2507 1633 2643 1680 non
2716 1618 2870 1681 erat
2939 1617 3287 1698 ordinata,

722 1750 1145 1815 quamquam
1215 1734 1301 1797 iis
1372 1731 1675 1799 facultas
1746 1735 2079 1799 manebat
2149 1733 2541 1799 recedendi.
2638 1733 2978 1816 Quoniam
3050 1739 3289 1801 autem

721 1855 968 1916 contra
1060 1851 1378 1916 dominos
1473 1853 1969 1950 praepotentes
2060 1851 2246 1916 haud
2341 1852 2647 1917 multum
2743 1852 3095 1935 valebant,
3172 1853 3291 1919 illa

724 1969 1034 2053 libertaS,
1106 1973 1187 2035 ut
1257 1970 1458 2035 hodie
1530 1970 1869 2036 dicimus:
1926 1971 2336 2052 theoretica,
2386 1987 2632 2051 parum
2681 1970 2768 2035 iis
2816 1972 3165 2052 proderat.
3216 1972 3288 2038 Si

725 2088 907 2153 forte
957 2088 1250 2155 rebelles
1295 2088 1579 2170 fiebant,
1629 2105 1756 2169 ope
1806 2088 2114 2153 militum
2163 2088 2647 2153 domabantur.
2700 2089 2880 2171 Quin
2930 2090 3002 2154 hi
3027 2090 3291 2155 milites

723 2207 941 2271 etiam
1001 2223 1204 2288 opem
1249 2223 1451 2271 suam
1500 2206 1818 2287 tulerint,
1868 2209 1952 2271 ut
1999 2206 2245 2288 coloni,
2294 2208 2354 2271 si
2379 2207 2822 2289 aufugerant,
2850 2207 3291 2291 reducerent,

736 2326 859 2389 vix
930 2325 1218 2389 dubium
1288 2325 1589 2390 videtur.
1681 2325 1864 2389 Num
1933 2324 2092 2405 jnre
2163 2325 2462 2405 quodam
2533 2342 2968 2406 possessores
3028 2326 3293 2392 milites

727 2459 1077 2508 arcessere
1126 2444 1508 2524 potuerint,
1558 2460 1680 2524 pro
1729 2445 1921 2507 certo
1950 2442 2177 2508 dicere
2203 2443 2591 2524 nequimus.
2643 2443 2788 2508 Lex
2814 2460 2984 2508 sane
3009 2443 3293 2509 disertis

727 2561 961 2626 verbis
1032 2578 1150 2627 eos
1199 2563 1492 2627 vetabat
1542 2561 1822 2627 colonos
1869 2578 2035 2626 suos
2083 2564 2242 2642 post
2294 2564 2574 2642 tempus
2622 2561 2903 2626 finitum
2950 2563 3290 2644 retinere3

727 2696 904 2759 quae
972 2679 1088 2744 lex
1158 2679 1381 2745 medio
1450 2679 1594 2745 fere
1641 2679 1928 2745 -saeculi
1999 2680 2196 2745 tertii
2257 2680 2481 2745 adhuc
2532 2680 2835 2746 valebat.
2889 2680 3024 2746 Sed
3072 2681 3288 2747 talem

726 2797 947 2878 legem
1015 2815 1450 2880 possessores
1518 2798 1726 2863 facile
1789 2771 2067 2863 eludere
2131 2800 2481 2880 poterant,
2535 2815 2694 2863 cum
2743 2783 2812 2863 in
2861 2798 3011 2880 lege
3060 2798 3287 2864 saltus

726 2917 1243 2981 constituerent
1289 2916 1710 2982 locationem
1760 2917 1872 3013 vel
1919 2917 2158 3009 potius
2208 2917 2590 2989 incolatum
2652 2921 3072 3013 perpetuum
3112 2935 3285 2984 esse.

726 3035 822 3100 Eo
869 3034 1070 3099 modo
1117 3034 1463 3099 auxilium
1509 3039 1609 3100 rei
1658 3034 1978 3117 publicae
2028 3034 2317 3116 ejusque
2366 3036 2677 3100 militum
2731 3036 3055 3101 invocare
3101 3039 3289 3116 pote·

724 3155 888 3218 rant
936 3156 1015 3218 ut
1084 3157 1526 3219 contractum
1587 3153 1949 3234 privatum
1997 3155 2405 3234 tuerentur;
2457 3154 2638 3235 quod
2688 3155 2748 3218 si
2771 3155 3041 3218 factum
3079 3156 3288 3236 esset,

726 3271 1013 3336 minime
1073 3272 1247 3336 mire
1295 3289 1370 3337 se
1417 3272 1728 3337 haberet.
1778 3271 2140 3336 Postremo
2186 3274 2428 3336 autem
2475 3272 2870 3353 respublica
2917 3272 3031 3337 vel
3056 3272 3289 3353 potius

725 3389 1124 3471 imperator,
1172 3389 1353 3469 quod
1403 3389 1544 3454 illis
1590 3389 2027 3471 temporibus
2073 3389 2215 3455 fere
2264 3390 2448 3455 idem
2496 3393 2627 3473 est,
2679 3386 2775 3456 ut'
2807 3390 3078 3455 reditus
3100 3406 3291 3472 prae·

725 3507 997 3571 diorum
1068 3506 1411 3572 fiscalium
1479 3509 1692 3587 atque
1747 3507 2201 3587 vectigalium
2246 3508 2584 3601 certiores
2632 3509 2945 3590 haberet,
2994 3510 3289 3589 statum,

727 3624 844 3705 qui
885 3625 957 3689 in
1005 3642 1138 3690 usu
1188 3625 1538 3693 cotidiano
1580 3624 1729 3705 jam
1776 3627 1932 3689 erat
1978 3625 2445 3708 inveteratuS,
2517 3664 2558 3671 -
2636 3625 2982 3691 debilibus
3029 3625 3292 3692 colonis

729 3760 868 3808 non
931 3742 1076 3823 jam
1151 3743 1473 3823 potentia
1542 3746 1696 3808 erat
1763 3742 2119 3825 simulata,
2167 3742 2288 3807 illa
2336 3743 2664 3809 libertate
2713 3744 2957 3809 utendi
3018 3780 3081 3789 —
3141 3743 3291 3823 lege

729 3862 972 3926 sanxit
1056 3863 1129 3926 et
1220 3860 1685 3929 confirmavit.
1782 3859 1975 3942 Quod
2056 3861 2355 3926 fortasse
2426 3862 2556 3926 sub
2621 3862 2751 3927 hac
2813 3862 3042 3944 specie
3104 3861 3294 3944 juris

729 3979 996 4046 factum
1047 3983 1190 4045 est:
1242 3979 1468 4046 coloni
1515 3979 1781 4044 incolae
1829 3982 2034 4044 erant
2080 3968 2329 4062 saltus,
2381 3980 2500 4061 qui
2548 3981 2910 4062 municipii
2944 3980 3090 4045 loco
3116 3982 3292 4063 erat,

731 4098 968 4179 itaque
1039 4098 1328 4178 originis
1405 4098 1813 4163 muneribus
1861 4101 2067 4163 erant
2114 4099 2435 4181 obnoxii3
2487 4115 2663 4180 quae
2710 4098 2952 4179 regula
2998 4099 3101 4164 ita
3148 4115 3294 4180 pro-

731 4216 1105 4299 ferebatur,
1198 4219 1281 4281 ut
1371 4216 1461 4281 iis
1536 4217 1817 4282 omnino
1889 4217 2428 4282 interdiceretur
2498 4234 2586 4282 ne
2657 4217 3018 4298 praedium
3087 4234 3294 4282 suum

730 4335 1226 4415 relinquerent.
1301 4335 1556 4400 Postea
1624 4335 1906 4399 demum
1976 4337 2175 4416 quasi
2239 4335 2784 4401 fundamentum
2832 4336 3041 4419 hujus
3088 4337 3294 4401 inter·

731 4453 1062 4519 dictionis
1101 4454 1376 4535 jactum
1424 4455 1558 4535 est,
1607 4469 1823 4533 quum
1873 4453 1988 4517 lex
2035 4454 2501 4535 proclamaret
2548 4456 2630 4519 ut
2678 4454 2941 4520 colonis
2965 4456 3034 4519 in
3060 4470 3293 4536 perpe-

731 4575 937 4637 tuum
983 4572 1152 4653 solo,
1203 4573 1316 4637 cui
1364 4573 1514 4636 nati
1566 4574 1824 4654 essent,
1872 4572 2150 4637 astricti
2199 4575 2589 4638 manerent.
2653 4609 2715 4620 —

824 4692 1140 4772 Apparet
1186 4692 1404 4772 igitur
1452 4691 1816 4757 colonatus
1864 4694 2100 4756 ortum
2140 4695 2214 4757 et
2241 4692 2715 4758 constitutum
2739 4708 2890 4757 esse
2915 4693 2984 4757 in
3009 4693 3294 4758 saltibus

734 4811 1076 4893 exemptis.
1150 4810 1255 4874 Ibi
1322 4810 1592 4874 colonia
1638 4790 1975 4891 partiaria
2022 4809 2234 4875 solita
2282 4813 2470 4893 erat;
2521 4810 2619 4876 ibi
2667 4809 2929 4892 duplex
2976 4813 3127 4876 erat
3173 4810 3294 4875 illa
