3770 5738
1649 529 1776 593 149

419 728 511 792 sit
556 727 844 810 factum,
893 730 965 792 et
1011 727 1222 792 simul
1271 744 1406 808 quo
1457 728 1658 792 modo
1707 727 1857 792 fieri
1905 728 2236 809 potuerit,
2287 730 2369 792 ut
2417 728 2969 810 adhaerentiam,

418 862 589 927 quae
662 846 730 909 in
806 863 936 910 usu
1015 845 1366 910 cotidiano
1438 846 1555 909 diu
1626 845 1773 926 Jam
1848 846 2225 926 existebat,
2273 849 2636 928 acceptam
2683 846 2969 928 ferrent,

418 964 725 1027 omnium
801 964 1106 1044 primum
1179 964 1379 1028 nobis
1450 964 2026 1028 constituendum
2075 968 2188 1028 est
2239 964 2608 1046 cujusnam
2657 965 2969 1045 potentis

416 1082 775 1146 hominum
848 1081 1111 1147 ordinis
1181 1081 1606 1162 interfuerit,
1678 1086 1751 1147 et
1815 1083 2103 1162 quinam
2155 1081 2441 1147 tandem
2488 1082 2634 1147 sint
2681 1083 2766 1148 ob
2815 1100 2968 1147 eam

416 1217 718 1283 causam,
793 1218 1088 1282 quorum
1162 1201 1395 1282 gratia
1464 1202 1631 1266 haec
1705 1201 2112 1300 ratihabitio
2161 1199 2352 1266 sacta
2398 1202 2516 1265 sit.
2586 1200 2967 1282 Postquam

411 1335 620 1399 supra
666 1318 943 1384 ostendi
992 1336 1435 1400 possessores
1481 1319 1868 1384 identidem
1920 1321 2212 1384 conatos
2260 1335 2413 1383 esse
2438 1320 2967 1385 adhaerentiam
3036 1347 3045 1354 ·

414 1439 849 1520 extorquere,
901 1437 1190 1514 dubium
1242 1455 1378 1502 non
1429 1440 1543 1502 est
1590 1455 1632 1502 a
1684 1438 1938 1518 quibus
1985 1437 2608 1502 vehementissime
2649 1438 2969 1520 expetita

402 1667 505 1734 jus
558 1667 869 1722 colonatus
917 1667 1150 1736 legibus
1184 1668 1282 1722 est
1315 1669 1615 1723 sanctum.
1655 1667 1716 1722 Si
1755 1668 1940 1736 igitur
1973 1668 2036 1722 in
2075 1667 2389 1723 nonnullis
2422 1667 2655 1736 legibus
2691 1668 2833 1723 ante
2869 1682 2968 1723 an·

412 1768 557 1808 num
611 1754 713 1808 247
765 1754 1019 1822 vestigia
1071 1753 1363 1822 quaedam
1419 1755 1838 1810 adhaerentiae
1876 1756 2085 1810 extare
2119 1755 2419 1823 videntur,
2456 1769 2528 1810 ea
2563 1755 2809 1810 omnino
2846 1769 2967 1811 non

406 1842 660 1909 probant
711 1841 1056 1897 colonatum
1101 1842 1228 1910 jam
1264 1843 1444 1896 antea
1479 1842 1711 1909 legibus
1760 1842 2187 1897 confirmatum
2235 1840 2438 1898 fuisse.
2481 1843 2619 1897 Loci
2657 1844 2863 1898 autem
2899 1843 2968 1897 hi

413 1929 586 1983 sunt:

476 2016 543 2070 de
576 2014 819 2070 colonis.-
1795 2075 1806 2086 Ι

478 2102 527 2156 1.
597 2102 824 2157 Paulus
878 2101 1043 2157 Sent.
1097 2101 1207 2156 ΙΙΙ.
1258 2102 1396 2156 6.48.
1450 2103 1639 2158 Actor
1691 2102 1785 2157 vel
1839 2101 2087 2158 colonus
2139 2117 2217 2157 ex
2254 2102 2367 2158 alio
2414 2102 2601 2158 fundo
2655 2102 2720 2157 in
2756 2101 2964 2157 eodem

408 2190 797 2257 constitutuS,
852 2188 954 2258 qui
1008 2203 1149 2244 cum
1204 2190 1368 2244 omni
1422 2190 1830 2245 instrumento
1884 2190 2122 2258 legatus
2157 2191 2301 2260 erat,
2338 2190 2412 2245 ad
2449 2190 2807 2259 legatarium
2845 2204 2965 2244 non

408 2276 683 2345 pertinet,
720 2276 835 2331 nisi
872 2291 1011 2331 cum
1049 2276 1122 2331 ad
1154 2276 1257 2344 jus
1292 2277 1425 2344 ejus
1461 2275 1632 2332 fundi
1670 2278 1926 2332 testator
1962 2277 2218 2333 voluerit
2251 2278 2568 2346 pertinere.
2610 2307 2663 2316 —
2693 2277 2822 2332 Hoc
2839 2276 2966 2332 1000

409 2364 594 2431 igitur
650 2364 1008 2419 enuntiatur
1060 2364 1340 2419 colonum
1397 2364 1470 2418 ad
1525 2363 1782 2418 fundum
1836 2364 2163 2433 pertinere;
2222 2364 2450 2419 scimus
2504 2366 2707 2419 autem
2757 2363 2966 2418 eodem

409 2455 675 2519 tempore
730 2465 805 2504 ne
861 2465 1102 2505 servum
1160 2439 1419 2519 quidem,
1456 2451 1558 2518 qui
1593 2451 1765 2518 quasi
1803 2450 2053 2506 colonus
2089 2451 2414 2506 collocatus
2450 2453 2560 2517 est,
2597 2451 2671 2505 ad
2706 2449 2964 2505 fundum

411 2538 725 2606 pertinere.
762 2538 846 2602 (L.
885 2538 951 2592 12
987 2540 1020 2605 ἓ
1057 2538 1108 2592 3.
1146 2538 1273 2605 Dig.
1312 2537 1676 2593 XXXIII.7.
1699 2538 2033 2607 Quaeritur,
2063 2553 2139 2593 an
2161 2552 2391 2606 servuS,
2412 2539 2513 2606 qui
2532 2537 2701 2606 quasi
2721 2538 2967 2593 colonus

407 2626 468 2680 in
523 2640 662 2693 agro
716 2626 860 2692 erat,
913 2626 1320 2680 instrumento
1372 2625 1569 2693 legato
1618 2626 2018 2680 contineatur.
2063 2625 2139 2679 Et
2176 2625 2369 2680 Labeo
2405 2627 2468 2680 et
2505 2626 2771 2693 Pegasus
2806 2625 2966 2679 recte

408 2715 797 2780 negaverunt,
853 2713 992 2780 quia
1047 2727 1167 2767 non
1223 2727 1327 2781 pro
1381 2713 1789 2768 instrumento
1840 2713 1907 2767 in
1957 2711 2144 2767 fundo
2197 2712 2408 2780 fuerat,
2462 2712 2699 2767 etiamsi
2749 2711 2966 2766 solitus

407 2799 602 2854 fuerat
633 2802 696 2855 et
730 2798 987 2854 familiae
1021 2799 1329 2868 imperare.
1367 2798 1448 2854 Cf.
1484 2799 1547 2853 L.
1585 2798 1668 2853 18.
1704 2801 1737 2865 ξ
1773 2800 1832 2862 4;
1871 2800 1958 2853 20.
1995 2802 2025 2868 ξ
2063 2800 2110 2853 1.
2148 2800 2211 2854 et
2248 2799 2464 2867 Sanos,
2502 2798 2882 2854 Geschichte.
2918 2797 2962 2852 I.

406 2901 460 2955 p.
496 2888 645 2955 579);
683 2888 840 2957 quod
877 2887 928 2942 si
963 2888 1051 2943 ita
1085 2889 1199 2956 est,
1236 2888 1339 2942 vix
1377 2887 1626 2942 dubium
1663 2888 1903 2942 videtur
1937 2887 2087 2955 quin
2125 2888 2305 2942 verba
2342 2889 2438 2957 „et
2455 2885 2965 2955 colonus”postea

406 2974 617 3030 inserti
655 2974 794 3029 sint.
838 3005 890 3013 —

472 3062 521 3116 2.
595 3061 657 3116 L.
693 3064 743 3116 4.
780 3063 813 3127 ξ
847 3062 899 3116 8.
939 3060 1064 3129 Dig.
1103 3061 1165 3116 L.
1204 3062 1286 3115 15.
1323 3061 1384 3117 Si
1421 3063 1559 3130 quis
1593 3060 1960 3129 inquilinum
1991 3060 2085 3115 vel
2108 3061 2387 3116 colonum
2408 3075 2526 3116 non
2546 3060 2729 3116 fuerit
2748 3059 2963 3129 profes·

405 3164 524 3217 5115,
579 3149 837 3204 vinculis
890 3148 1273 3203 censualibus
1323 3151 1582 3204 tenetur.
1638 3180 1677 3187 -
1722 3149 2145 3203 Possessorum
2184 3149 2466 3217 capitatio
2503 3149 2966 3218 computabatur

406 3237 636 3292 ratione
683 3236 889 3291 habita
924 3236 1159 3290 numeri
1198 3236 1495 3304 pecudum
1533 3237 1597 3290 et
1630 3236 2007 3301 colonorum3
2046 3236 2148 3304 qui
2186 3236 2465 3291 colonum
2503 3250 2625 3291 non
2661 3234 2964 3304 professus

406 3325 512 3389 est,
568 3323 678 3378 hoo
733 3323 859 3391 agit
894 3324 965 3377 ut
1000 3322 1113 3389 legi
1151 3321 1419 3377 fraudem
1457 3322 1655 3378 faciat.
1692 3323 1767 3377 Et
1803 3322 1972 3377 nulla
2008 3337 2189 3377 causa
2225 3325 2319 3378 est
2355 3338 2461 3378 cur
2497 3323 2812 3378 credamus
2850 3323 2961 3378 1100

407 3411 530 3466 1000
568 3409 896 3479 Ulpianum
933 3410 1007 3464 ad
1045 3409 1324 3464 colonum
1363 3409 1791 3464 adhaerentem
1828 3410 2149 3478 spectasse.

474 3498 540 3553 de
572 3496 912 3567 inquilinis.-

477 3587 525 3639 1.
596 3585 656 3639 L.
697 3583 777 3639 17.
815 3585 849 3651 ἓ
886 3583 936 3638 7.
973 3583 1099 3651 Dig.
1137 3582 1395 3639 XXVII.
1434 3583 1792 3652 1.Inquilini
1814 3583 2434 3639 castrorumatutelis
2451 3583 2728 3639 excusari
2748 3582 2962 3651 solent,

409 3672 520 3727 nisi
557 3686 783 3740 eorum,
820 3671 922 3739 qui
960 3673 1022 3726 et
1056 3672 1171 3740 ipsi
1206 3671 1487 3740 inquilini
1523 3672 1687 3739 sunt,
1724 3673 1786 3726 et
1821 3672 1884 3726 in
1922 3672 2131 3726 eodem
2170 3672 2366 3726 castro
2403 3671 2730 3739 eademque
2767 3670 2961 3724 condi-

408 3759 572 3815 cione
609 3762 776 3814 sunt.
818 3789 871 3798 —
915 3758 1202 3827 Inquilini
1238 3760 1351 3814 hoc
1388 3759 1515 3813 loco
1553 3758 1838 3813 dicuntur
1874 3760 2077 3813 certae
2117 3758 2482 3813 condicionis
2518 3773 2665 3827 esse,
2692 3757 2848 3825 quod
2868 3758 2966 3811 sat

408 3847 626 3902 mirum
664 3847 923 3901 videtur.
956 3846 1047 3900 Ex
1083 3861 1153 3901 50
1189 3847 1411 3914 tamen,
1449 3847 1748 3914 quantum
1785 3845 1973 3915 vide0,
2011 3860 2131 3901 non
2170 3845 2323 3901 effici
2361 3846 2576 3914 potest,
2613 3859 2714 3900 505
2749 3843 2963 3899 castris

407 3934 724 3989 adstrictos
759 3932 960 3988 fuisse.
999 3932 1107 4000 Qui
1145 3933 1370 3987 fuerint
1405 3932 1697 4001 11011111155,
1738 3934 2010 3988 nondum
2046 3934 2142 3988 est
2176 3933 2590 4001 explanatum.

473 4022 522 4077 2.
595 4022 657 4076 L.
691 4022 807 4076 112.
845 4021 972 4088 Dig.
1011 4010 1213 4075 XXX.
1251 4020 1312 4076 Si
1350 4021 1488 4089 quis
1522 4020 1849 4088 inquilinos
1885 4021 2015 4076 sine
2051 4021 2324 4089 praediiS,
2361 4021 2578 4088 quibus
2616 4020 2962 4089 adhaerent,

375 4106 708 4177 legaverit,
758 4108 973 4162 inutile
1026 4110 1120 4163 est
1173 4108 1441 4175 legatum
1453 4123 1469 4176 ;
1526 4108 1630 4162 sed
1687 4123 1764 4162 an
1812 4108 2155 4163 aestimatio
2193 4108 2497 4177 debeatur,
2536 4121 2613 4162 ex
2651 4107 2963 4163 voluntate

409 4196 671 4251 defuncti
708 4196 1102 4250 statuendum
1140 4209 1287 4263 esse,
1327 4195 1458 4249 Divi
1495 4195 1829 4261 Marcuset
1866 4194 2227 4250 Commodus
2263 4194 2716 4262 rescripserunt.
2761 4224 2813 4232 —
2850 4193 2962 4248 Hic

407 4282 574 4338 100115
626 4296 774 4337 sane
829 4281 1220 4336 difficillimus
1273 4285 1392 4349 est;
1443 4282 1730 4337 dicuntur
1782 4282 1943 4336 enim
1998 4281 2281 4349 inquilini*
2313 4296 2435 4337 non
2474 4281 2673 4336 solum
2708 4281 2965 4349 praediis

410 4370 745 4436 adhaerere,
799 4368 903 4423 sed
958 4369 1141 4423 etiam
1194 4369 1377 4437 legari
1431 4383 1622 4437 posse.
1673 4367 1794 4423 Vix
1831 4369 1958 4423 fleri
1997 4383 2117 4423 non
2154 4370 2367 4436 potest,
2403 4368 2550 4435 quin
2587 4368 2651 4422 hi
2685 4367 2963 4435 inquilini

409 4471 511 4525 pro
563 4469 781 4523 genere
837 4455 1094 4524 quodam
1150 4469 1463 4510 servorum
1517 4456 1885 4511 rusticorum
1947 4456 2205 4511 habendi
2258 4456 2409 4521 sint3
2447 4454 2551 4509 sed
2590 4468 2834 4509 11505555
2871 4455 2965 4509 est

412 4540 580 4598 fateri
633 4543 706 4598 de
755 4543 1196 4610 significatione
1233 4543 1419 4611 hujus
1455 4544 1618 4598 vocis
1656 4543 1807 4598 nihil
1844 4544 2089 4598 omnino
2124 4558 2229 4612 pro
2266 4545 2427 4598 certo
2463 4540 2746 4597 affirmari
2772 4556 2965 4610 posse.

478 4632 545 4685 de
579 4631 996 4701 adscripticiis:

483 4717 543 4772 L.
599 4719 647 4772 1.
706 4716 765 4771 C.
819 4716 871 4772 J.
926 4715 1089 4771 VIII.
1144 4718 1229 4771 51.
1291 4717 1351 4771 Si
1401 4717 1589 4772 invito
1624 4716 1718 4771 vel
1753 4717 2068 4786 ignorante
2107 4717 2167 4771 te
2204 4718 2415 4786 partus
2450 4716 2699 4771 ancillae
2740 4716 2833 4771 vel
2869 4717 2962 4771 ad-

415 4804 747 4873 scripticiae
783 4805 924 4859 tuae
960 4803 1275 4872 expositus
1312 4807 1421 4868 est,
1461 4804 1726 4873 repetere
1761 4819 1901 4859 eum
1940 4818 2060 4858 non
2098 4803 2446 4872 prohiberis
2473 4834 2523 4842 -
2572 4803 2771 4858 81111011
2792 4805 2966 4872 putat

419 4892 595 4947 verba
652 4891 1103 4961 „adscripticiae
1159 4890 1333 4946 tuae”
1386 4891 1614 4947 inserta
1667 4904 1817 4947 esse.
1856 4891 1982 4958 „Im
2020 4891 2216 4945 Codex
2257 4890 2418 4946 kann
2461 4889 2553 4945 die
2590 4889 2970 4959 adscripticia
