3770 5738
1655 479 1786 544 175

436 678 750 744 culturae
797 678 1015 742 ratio:
1062 694 1222 758 pars
1271 693 1596 759 agrorum
1646 695 1688 742 a
1737 693 2135 757 possessore
2185 676 2297 742 vel
2347 678 2768 743 conductore
2808 694 2997 743 exer·

433 797 592 879 cita,
632 813 794 879 pars
842 796 1107 862 colonis
1155 796 1406 876 locata3
1457 796 1550 861 ibi
1600 795 1816 876 igitur
1844 795 2147 877 primum
2172 812 2421 877 operae
2447 798 2521 861 et
2539 795 2710 877 juga
2734 796 2998 862 colonis

433 918 601 980 sunt
637 915 1001 997 imposita3
1052 913 1146 979 ibi
1179 913 1476 993 denique
1503 913 1728 979 coloni
1756 914 1891 978 dici
1917 916 2244 995 poterant
2269 914 2522 978 habere
2553 913 2995 997 „originem”.

434 1032 1004 1115 Quandoquidem
1074 1034 1316 1096 autem
1385 1032 1648 1096 scimus
1724 1049 1862 1096 non
1940 1031 2195 1113 ubique
2265 1031 2642 1097 latifundia
2706 1049 2998 1114 parvam

432 1151 943 1232 possessionem
1029 1150 1478 1232 oppressisse,
1551 1150 1761 1214 simul
1828 1148 2303 1230 intellegimus
2372 1150 2652 1215 solitam
2726 1168 2998 1232 quoque

433 1269 704 1335 locandi
773 1270 1121 1334 rationem
1188 1285 1462 1350 semper
1536 1268 2010 1349 permansisse
2062 1267 2273 1349 juxta
2315 1267 2435 1349 jus
2483 1268 2870 1334 colonatus
2918 1269 2997 1334 In

432 1405 510 1453 eo
556 1387 770 1453 titulo
820 1387 979 1453 Cod.
1006 1387 1215 1469 Just,
1246 1387 1364 1468 qui
1391 1388 1500 1451 est
1527 1386 1611 1451 de
1637 1386 1866 1452 locato
1895 1386 2238 1451 conducto
2268 1385 2414 1469 (IV.
2440 1386 2576 1470 65),
2604 1388 2998 1468 complures

435 1505 620 1587 leges
692 1508 946 1571 extant
1011 1507 1170 1585 post
1243 1505 1740 1586 imperatorem
1791 1504 2347 1569 Diocletianum:
2398 1522 2518 1570 eos
2566 1506 2867 1580 colonos,
2919 1507 3001 1571 de

436 1624 687 1706 quibus
758 1624 851 1688 ibi
919 1622 1174 1705 agitur,
1222 1624 1310 1688 ab
1359 1623 1548 1688 omni
1598 1625 1800 1704 parte
1847 1622 2102 1688 liberos
2149 1623 2365 1688 fuisse
2412 1626 2632 1704 patet.
2682 1624 3000 1690 Profecto

434 1759 706 1824 semper
778 1758 1051 1822 quoque
1115 1741 1405 1807 fuerunt
1467 1741 1713 1824 coloni,
1765 1741 1883 1822 qui
1938 1741 2242 1818 minores
2288 1759 2728 1823 possessores
2776 1745 3001 1808 erant.

438 1859 658 1942 Quam
708 1860 962 1925 misera
1007 1859 1223 1924 fuerit
1269 1877 1509 1925 eorum
1559 1859 1872 1924 condicio
1924 1860 2209 1942 ,scimus
2244 1877 2332 1924 ex
2358 1860 2805 1927 celeberrimo
2852 1860 3001 1927 loco

440 1977 773 2059 Salviani,
849 1979 967 2043 ubi
1044 1981 1287 2043 narrat
1356 1995 1476 2044 eos
1546 1977 1801 2043 fundos
1873 1978 2169 2060 majores
2224 1981 2554 2059 expetere
2603 1982 2677 2044 et
2723 1980 3003 2046 colonos

438 2096 741 2162 divitum
804 2092 1052 2173 fieri1).
1118 2097 1566 2162 Possessores
1614 2097 1831 2161 etiam
1882 2096 2172 2162 suerunt
2218 2097 2267 2161 ii
2321 2097 2569 2180 coloni,
2621 2097 2704 2162 de
2753 2098 3004 2179 quibus

439 2215 584 2295 agit
655 2214 723 2280 C.
791 2214 911 2279 Th.
955 2214 1039 2279 de
1091 2214 1501 2294 patrociniis
1550 2217 1864 2279 vicorum
1917 2214 2069 2298 (XI.
2121 2214 2211 2295 1),
2262 2214 2380 2294 qui
2427 2214 2514 2279 ad
2567 2215 3001 2292 diversorum

439 2333 986 2398 clarissimorum
1056 2333 1446 2413 patrocinia
1516 2350 1590 2398 se
1638 2333 2094 2398 conferebant
2148 2331 2735 2417 „fraudandorum
2787 2305 3003 2400 tribu·

446 2455 679 2515 torum
727 2449 982 2516 causa”
1010 2447 1086 2534 2).
1140 2486 1223 2496 -

530 2569 608 2633 In
685 2569 820 2633 fine
861 2568 1071 2650 huJus
1118 2568 1618 2650 disputationis
1665 2586 1877 2650 quam
1917 2569 2326 2634 brevissime
2373 2569 2820 2635 indicandum
2869 2573 3020 2654 est„

443 2687 604 2768 quid
667 2687 785 2768 jus
864 2687 1229 2752 colonatus
1292 2687 1462 2768 ipsis
1515 2688 1779 2753 colonis
1826 2688 2095 2753 tulerit.
2145 2686 2224 2752 In
2276 2705 2413 2768 qua
2458 2705 2533 2753 re
2579 2688 2645 2753 id
2694 2689 3004 2770 profecto

443 2805 727 2873 minime
792 2805 1138 2888 agendum
1185 2808 1316 2885 est,
1368 2809 1450 2872 ut
1493 2805 1835 2888 judicium
1887 2807 2066 2889 quod
2117 2824 2301 2873 nunc
2350 2807 2645 2873 dicimus
2692 2808 3002 2874 ethicum

443 2924 873 3005 proferamus
941 2925 1027 2989 ad
1099 2941 1416 2990 normam
1460 2929 1873 3019 ‚nostrarum
1921 2926 2454 2991 sententiarum.
2518 2926 2560 2991 J
2568 2943 2686 2991 ure
2738 2926 3005 2992 Fusrm.
3112 2988 3121 3001 ,

445 3060 529 3107 DE
569 3041 1007 3124 COULANGES,
1057 3060 1215 3107 cum
1264 3044 1348 3108 ad
1392 3044 1569 3108 hanc
1617 3044 2100 3125 quaestionem
2148 3061 2354 3108 suum
2403 3043 2525 3109 dat
2569 3061 3003 3129 responsum,

444 3161 610 3226 haec
675 3161 1103 3242 praemittit:
1183 3161 1415 3247 „Nous
1485 3180 1572 3227 ne
1642 3180 1939 3245 croyons
2011 3179 2135 3243 pas
2197 3162 2396 3227 avoir
2443 3162 2873 3245 l’obligation
2922 3164 3007 3228 de

444 3280 772 3345 chercher
846 3281 906 3344 si
975 3280 1434 3345 l’institution
1502 3280 1612 3345 fut
1682 3281 1909 3346 bonne
1980 3297 2070 3346 ou
2140 3280 2501 3346 mauvaise
2570 3297 2657 3346 en
2720 3281 2844 3347 soi.
2901 3281 3004 3346 On

515 3526 559 3590 ι)
596 3525 755 3582 Salv.
797 3525 882 3581 De
917 3526 1164 3594 gubern.
1203 3526 1325 3594 Dei,
1364 3526 1433 3582 V.
1468 3527 1521 3583 8.
1556 3528 1608 3583 9.
1643 3542 1806 3596 sqq.
1845 3526 2116 3583 Tradunt
2151 3540 2216 3581 se
2253 3527 2326 3582 ad
2365 3527 2663 3582 tuendum
2700 3528 3007 3597 protegen·

446 3613 709 3682 dumque
762 3613 1106 3682 maioribus,
1164 3614 1474 3669 dediticios
1528 3628 1593 3670 se
1646 3614 1904 3670 divitum
1956 3613 2189 3669 faciunt
2225 3615 2288 3668 et
2341 3614 2515 3683 quasi
2563 3614 2625 3670 in
2655 3614 2760 3683 jus
2797 3628 3006 3670 eorum

444 3699 854 3769 dicionemque
907 3701 1395 3759 transscendunt.
1451 3730 1503 3740 —
1564 3701 1916 3770 ....Itaque
1974 3700 2267 3770 nonnulli,
2323 3715 2655 3770 ....quum
2709 3701 3009 3757 domicilia

441 3787 625 3855 atque
677 3785 901 3855 agellos
952 3801 1097 3843 suos
1149 3792 1260 3843 aut
1310 3787 1767 3856 pervasionibus
1819 3788 2101 3857 perdunt,
2138 3789 2245 3843 aut
2285 3786 2477 3856 fugati
2512 3788 2586 3843 ab
2623 3789 3008 3844 exactoribus

443 3873 744 3943 deserunt,
797 3874 938 3942 quia
990 3875 1196 3929 tenere
1251 3889 1374 3930 non
1427 3876 1702 3945 possunt,
1759 3874 1977 3931 fundos
2032 3876 2330 3943 majorum
2388 3877 2690 3944 expetunt
2724 3877 2787 3931 et
2822 3875 3009 3931 coloni

443 3960 700 4015 divitum
752 3961 925 4015 flunt.
979 3963 1068 4015 Ac
1123 3961 1281 4017 sicut
1345 3962 1546 4018 solent
1598 3964 1705 4018 aut
1753 3962 1834 4031 hi,
1873 3961 1976 4031 qui
2016 3962 2287 4017 hostium
2324 3964 2552 4017 terrore
2590 3962 2898 4034 compulsi,
2931 3963 3008 4018 ad

445 4047 692 4103 castella
741 4062 806 4102 se
859 4047 1194 4119 conferunt,
1230 4051 1340 4105 aut
1375 4050 1454 4118 hi,
1491 4050 1593 4118 qui
1631 4050 1862 4118 perdito
1899 4050 2199 4117 ingenuae
2236 4048 2675 4105 incolumitatis
2709 4050 2896 4120 statu,
2932 4050 3008 4106 ad

446 4134 684 4204 asylum
739 4135 979 4204 aliquod
1036 4136 1449 4205 desperatione
1503 4137 1764 4206 fugiunt,
1818 4137 1904 4192 ita
1957 4138 2053 4191 est
2093 4135 2211 4204 isti,
2247 4136 2389 4204 quia
2424 4137 2579 4192 tueri
2617 4137 2876 4206 amplius
2914 4138 3010 4193 vel

448 4221 650 4277 sedem
703 4222 798 4277 vel
853 4222 1210 4291 dignitatem
1264 4238 1514 4279 suorum
1570 4224 1869 4280 natalium
1924 4238 2046 4280 non
2103 4224 2355 4292 queunt,
2397 4223 2544 4293 ⁸iugo
2581 4238 2647 4279 se
2682 4224 3011 4295 inquilinae

448 4309 798 4377 abjectionis
851 4310 1158 4380 addicunt,
1211 4310 1273 4365 in
1311 4310 1467 4367 hanc
1515 4312 1942 4367 necessitatem
1979 4310 2220 4380 redacti,
2261 4311 2331 4365 ut
2365 4312 2637 4366 extorres
2676 4325 2798 4367 non
2833 4311 3008 4367 facul·

449 4396 598 4451 tatis
653 4397 914 4467 tantum,
969 4397 1073 4452 sed
1129 4398 1312 4453 etiam
1366 4397 1733 4454 condicionis
1785 4412 1932 4453 suae
1985 4398 2170 4467 atque
2226 4396 2548 4453 exulantes
2603 4412 2724 4453 non
2761 4413 2796 4454 a
2831 4399 3011 4454 rebus

452 4485 690 4539 tantum
729 4483 877 4553 suia,
913 4485 1017 4539 sed
1056 4485 1241 4540 etiam
1279 4500 1314 4540 a
1351 4499 1416 4541 se
1453 4486 1600 4554 ipsis
1635 4500 1703 4540 ac
1742 4485 2063 4554 perdentes
2099 4498 2305 4540 secum
2342 4485 2544 4540 omnia
2579 4499 2691 4540 sua
2725 4487 2788 4541 et
2807 4499 3011 4542 rerum

452 4570 813 4640 proprietate
864 4572 1112 4627 careant
1167 4574 1230 4627 et
1279 4572 1380 4641 jus
1414 4572 1714 4628 libertatis
1749 4573 2069 4628 amittunt.
2106 4602 2173 4613 —
2211 4572 2440 4627 Notatu
2479 4572 2733 4641 dignum
2768 4574 2864 4629 est
2897 4573 3011 4630 hoc

452 4655 579 4712 loco
615 4657 919 4728 vocabula,
959 4658 1220 4729 „coloni”
1258 4662 1321 4715 et
1359 4659 1706 4729 „inquilini”
1743 4659 1873 4715 sine
1912 4659 2256 4734 discrimine
2292 4658 2593 4715 adhibere.

521 4745 563 4808 ¹)
598 4743 838 4800 Fanum
904 4744 1293 4816 Tmssxum,
1360 4747 1474 4802 Les
1536 4746 1866 4816 patrocinia
1930 4746 2221 4804 vicorum.
2285 4745 2864 4816 Vierteljahrschrift
2916 4748 3013 4807 fur

455 4828 666 4887 Social-
706 4832 830 4888 und
868 4831 1636 4903 Wirtschaftsgeschichte.
1673 4833 1752 4890 H.
1788 4833 1970 4903 (1904)
2004 4849 2060 4903 p.
2095 4833 2219 4889 413.
