3770 5738
1641 491 1728 556 29

402 692 663 757 statuit
734 694 819 757 ut
892 691 1183 757 colonus
1230 691 1578 773 fugitivus
1626 692 1786 773 post
1832 688 2050 754 XXX
2100 706 2322 754 annos
2372 705 2509 753 non
2561 687 2842 767 quidem
2887 687 2974 752 ab

400 811 695 891 antiquo
769 810 1049 875 domino
1110 810 1333 892 repeti
1383 811 1645 892 posset,
1699 808 1822 874 sed
1869 808 2369 889 attribuendus
2415 808 2607 871 esset
2656 806 2741 887 ei,
2790 804 2973 887 apud

399 945 609 1010 quem
682 945 801 993 eos
876 945 1100 994 annos
1172 928 1516 1009 degisset3
1590 928 1649 991 si
1719 926 1909 1009 apud
1981 926 2299 990 diversos
2363 924 2691 1005 deinceps
2739 940 2976 1004 parem

397 1064 774 1112 numerum
844 1063 1190 1111 annorum
1260 1048 1575 1111 moratus
1644 1046 1855 1126 esset,
1906 1045 1965 1109 is
2005 1061 2166 1109 eum
2213 1043 2584 1125 acciperet,
2632 1041 2720 1108 ad
2769 1058 2976 1121 quem

397 1166 650 1230 statim
719 1167 881 1247 post
949 1165 1188 1245 fugam
1262 1164 1610 1246 venisset3
1667 1165 1726 1228 si
1775 1163 2013 1245 plures
2061 1161 2325 1228 domini
2377 1178 2537 1226 eum
2585 1177 2707 1241 per
2753 1160 2979 1241 impar

400 1286 688 1365 tempus
732 1283 1232 1365 possedissent,
1281 1282 1435 1363 ejus
1475 1284 1686 1364 esset,
1711 1281 1897 1363 apud
1924 1298 2132 1362 quem
2157 1280 2555 1346 diutissime
2581 1279 2977 1344 meruisset.

401 1402 601 1483 Quod
649 1404 1105 1484 praeceptum
1151 1401 1367 1466 etiam
1415 1401 1686 1466 valeret
1733 1401 1818 1465 de
1863 1399 2243 1465 colonabus
2272 1395 2340 1475 ¹).

491 1520 983 1602 Quaerebatur
1030 1537 1199 1584 num
1248 1519 1434 1584 filius
1481 1519 1730 1599 coloni,
1781 1518 1840 1582 si
1889 1521 2091 1600 patre
2141 1518 2307 1582 vivo
2350 1516 2721 1581 XXXaut
2746 1515 2981 1596 plures

399 1654 629 1702 annos
676 1636 745 1701 in
799 1635 1129 1702 libertate
1179 1637 1489 1717 degisset
1536 1638 1749 1717 atque
1798 1636 2125 1700 dominus
2152 1634 2398 1717 coloni,
2423 1632 2982 1715 quandoquidem

398 1772 529 1837 per
574 1757 853 1837 patrem
899 1756 963 1820 ei
1012 1754 1427 1837 satisfiebat,
1475 1771 1638 1819 eum
1685 1772 1824 1819 non
1873 1754 2352 1844 repetivisset,
2400 1755 2602 1834 patre
2650 1751 2982 1816 defuncto

401 1874 690 1940 domino
761 1874 1104 1955 periisset.
1179 1873 1328 1955 Qua
1398 1874 1470 1938 in
1518 1891 1592 1939 re
1639 1873 1679 1937 J
1687 1873 2091 1938 ustinianus
2140 1872 2456 1937 decrevit
2501 1875 2607 1953 ut,
2653 1869 2984 1950 quoniam

402 1992 595 2059 filius
664 2009 788 2075 per
848 1995 1125 2074 patrem
1170 1993 1370 2074 quasi
1419 2009 1541 2073 per
1587 1995 1865 2074 partem
1912 1991 2221 2072 corporis
2269 1991 2341 2054 in
2388 1989 2672 2071 praedio
2720 2005 2984 2053 reman-

404 2112 626 2177 sisset
695 2113 909 2193 atque
967 2112 1070 2176 ita
1115 2129 1190 2177 re
1240 2128 1410 2177 vera
1457 2128 1594 2177 non
1644 2111 1717 2175 in
1765 2110 2096 2175 libertate
2147 2109 2471 2190 vixisset,
2520 2106 2800 2172 domino
2847 2123 2984 2172 non

412 2245 701 2295 necesse
750 2228 1004 2294 fuisset
1052 2246 1212 2295 eum
1259 2233 1576 2312 repetere
1628 2229 1732 2294 uti
1781 2245 1943 2293 eum
1992 2227 2351 2292 vindicare
2377 2228 2616 2308 posset
2651 2262 2713 2272 —-
2751 2224 2987 2305 11113116-

414 2346 606 2412 111οᾶ1
654 2346 977 2430 filiorum,
1021 2347 1344 2429 quamvis
1389 2346 1608 2411 XXX
1652 2362 1876 2411 annos
1901 2345 2268 2427 afuissent,
2294 2347 2531 2409 tamen
2557 2345 2987 2425 potestatem

414 2465 770 2547 integram
817 2464 1107 2531 haberet
1133 2462 1203 2542 2).

419 2674 543 2730 divi
598 2675 871 2744 parentis
927 2676 1121 2731 nostri
1171 2674 1423 2731 Honorii
1473 2675 1546 2730 de
1584 2675 1810 2732 colonis
1847 2674 2166 2743 utriusque
2202 2686 2392 2728 sexus
2420 2672 2577 2740 juris
2611 2671 2834 2742 privati
2871 2672 2986 2729 evi·

418 2762 589 2818 denti
647 2762 1004 2818 definitione
1058 2762 1398 2831 conscripta
1454 2763 1551 2818 est
1563 2778 1580 2832 ;
1634 2762 1866 2818 scilicet
1922 2762 1993 2816 ut
2055 2776 2092 2817 a
2144 2774 2402 2832 persona
2459 2759 2721 2816 feminea
2766 2760 2986 2830 viginti

418 2863 734 2920 annorum,
805 2864 840 2905 a
893 2849 1052 2906 virili
1111 2850 1367 2919 triginta
1422 2851 1799 2920 repetentem
1855 2846 2246 2920 praescriptio
2307 2847 2541 2917 objecta
2592 2848 2990 2905 summoveat.

420 2937 609 3005 Quam
664 2939 728 2993 et
783 2937 848 2993 in
904 2938 1008 2993 illa
1058 2940 1230 3008 parte
1282 2939 1581 2994 observari
1620 2938 1923 3008 convenit,
1960 2951 2112 3007 quae
2150 2937 2386 2993 statuta
2421 2936 2517 2991 est
2557 2936 2629 2991 de
2666 2935 2990 3004 agnatione

422 3025 641 3080 talium
678 3038 1091 3094 personarum.

492 3113 531 3178 ¹)
565 3112 715 3168 Nov.
770 3111 901 3168 Val.
951 3112 1152 3168 XXX.
1189 3111 1378 3168 Praef.
1416 3111 1568 3169 Cum
1603 3126 1753 3182 pure
1788 3113 1851 3167 et
1887 3111 2145 3167 fideliter
2183 3110 2485 3166 observari
2522 3109 2800 3180 debeant,
2836 3123 2990 3178 quae

422 3201 714 3255 caventur
745 3200 811 3254 in
846 3200 1098 3270 legibus,
1134 3200 1325 3256 latam
1362 3199 1594 3255 dudum
1631 3199 1703 3254 de
1741 3199 1968 3255 colonis
2005 3199 2340 3268 originariis
2360 3197 2569 3254 fucum
2589 3198 2713 3267 pati
2734 3211 2991 3267 quorun·

424 3285 559 3341 dam
619 3286 885 3356 maligna
933 3288 1139 3342 mente
1194 3287 1605 3356 cognovimus.
1654 3286 1809 3341 Nam
1846 3301 1987 3342 cum
2023 3286 2093 3357 16,
2130 3302 2165 3342 a
2200 3299 2320 3355 quo
2356 3285 2632 3355 decessit,
2674 3284 2992 3354 obnoxiuS,

424 3374 671 3443 triginta
728 3388 1029 3430 annorum
1089 3373 1413 3444 repellatur
1472 3374 1728 3443 objectu,
1787 3373 1987 3429 eundo
2044 3387 2150 3444 per
2203 3374 2314 3429 hos
2370 3373 2552 3441 atque
2603 3372 2751 3428 alios
2802 3371 2994 3440 desig-

426 3463 637 3518 natum
697 3462 941 3532 tempus
975 3462 1262 3528 assumit3
1298 3461 1386 3517 ita
1420 3460 1737 3531 contingit,
1775 3462 1861 3530 ut,
1899 3475 2040 3516 cum
2077 3460 2163 3516 illi
2199 3462 2403 3529 pereat
2446 3474 2482 3514 a
2518 3473 2645 3528 quo
2674 3459 2846 3528 fugit,
2883 3472 2992 3513 nec

428 3547 582 3619 huic,
618 3548 694 3604 ad
730 3563 912 3617 quem
948 3549 1133 3618 venit,
1169 3549 1357 3618 possit
1394 3541 1637 3617 acq’uiri,
1674 3537 2061 3603 mansionum
2097 3543 2544 3617 permutatione
2582 3545 2818 3601 desinat
2843 3559 2993 3612 esse,

426 3636 581 3702 quod
619 3637 804 3691 natus
838 3637 950 3705 est,
986 3635 1345 3704 libertatem,
1380 3650 1564 3704 quam
1586 3635 1889 3690 nascendo
1909 3649 2029 3690 non
2056 3634 2285 3703 habuit,
2306 3633 2480 3702 fugae
2501 3634 2612 3689 sibi
2639 3633 2994 3689 assiduitate

430 3720 770 3778 defendens.
828 3723 994 3788 Nulli
1052 3737 1340 3792 unquam,
1395 3723 1512 3779 nisi
1565 3722 1772 3777 colono
1815 3721 2089 3791 fugitivo,
2122 3721 2299 3790 culpa
2334 3735 2447 3776 sua
2481 3720 2814 3789 praemium
2850 3718 2994 3786 fuit;

430 3822 500 3863 ea
531 3824 714 3865 causa
748 3809 959 3879 incipit
992 3810 1202 3866 melior
1238 3809 1412 3876 effici,
1447 3824 1567 3878 qua
1600 3822 1854 3878 poenam
1894 3815 2178 3864 meretur.
2212 3809 2246 3876 ξ
2286 3810 2332 3863 1.
2354 3807 2521 3875 Quod
2543 3810 2748 3862 tamen
2769 3806 2998 3862 sufficit

432 3894 743 3967 hucusque
778 3897 1043 3953 licuisse.
1078 3897 1234 3953 Nam
1270 3912 1412 3953 cum
1447 3898 1607 3968 prior
1641 3896 1926 3952 dominus
1961 3896 2126 3951 obice
2162 3895 2313 3964 legis
2350 3894 2712 3962 excluditur,
2749 3894 2995 3949 illieum

428 3982 712 4051 J'ubemus
766 3986 1013 4055 acquiri,
1069 3985 1228 4055 apud
1265 3998 1446 4054 quem
1482 3984 1725 4039 eosdem
1762 3997 1956 4039 annos
1991 3982 2212 4038 statuti
2249 3982 2539 4051 temporis
2574 3982 2859 4051 probatur
2891 3981 2996 4035 im·

434 4069 638 4138 plesse.
697 4071 863 4139 Quod
913 4073 964 4129 si
1010 4075 1252 4141 propter
1288 4072 1737 4128 conclusionem
1777 4070 2173 4126 tricennalem
2192 4072 2256 4125 et
2273 4069 2348 4124 ad
2368 4069 2490 4124 vim
2519 4067 2998 4137 praescriptionis

436 4157 791 4215 eludendam
845 4161 1177 4230 aequaliter
1235 4160 1469 4215 habitet
1501 4169 1608 4229 per
1642 4158 1928 4228 diversos,
1963 4159 2017 4213 is
2053 4171 2194 4211 eum
2235 4157 2500 4212 vindicet
2529 4156 2665 4224 jure
2701 4154 2998 4210 colonario

437 4247 818 4316 serviturum,
854 4261 1039 4317 penes
1074 4261 1257 4316 quem
1292 4262 1328 4302 a
1363 4247 1459 4302 die
1486 4246 1715 4315 primae
1749 4245 1927 4314 fugae
1965 4242 2150 4300 XXX
2185 4258 2483 4299 annorum
2506 4242 2834 4313 posteriora
2853 4242 2997 4296 tem·

438 4345 574 4400 pora
626 4333 1090 4405 concluduntur,
1147 4333 1295 4390 alias
1351 4333 1494 4389 huic
1553 4333 1719 4389 lucro
1774 4332 1965 4402 cedat,
2020 4346 2161 4387 cum
2198 4346 2316 4399 quo
2353 4333 2683 4386 maximam
2722 4329 3000 4384 tricennii

440 4422 665 4486 partem
722 4436 915 4490 vagus
966 4423 1030 4478 et
1063 4422 1289 4478 infidus
1324 4422 1630 4477 habitator
1664 4419 1866 4476 efficit.
1904 4419 2073 4487 Quod
2110 4419 2295 4474 etiam
2334 4417 2405 4472 de
2442 4416 2798 4473 mulieribus
2833 4415 2999 4484 origi·

441 4508 617 4563 nariis
652 4522 841 4577 aeque
878 4509 1239 4579 vagantibus
1274 4509 1570 4578 praecipio
1606 4507 1913 4563 custodiri.

508 4595 547 4660 ³)
583 4595 647 4651 L.
680 4596 769 4652 22.
803 4597 875 4664 ἐξ
911 4599 961 4668 3,
1000 4600 1050 4667 4,
1086 4599 1138 4652 5.
1176 4595 1236 4652 C.
1271 4593 1325 4652 J.
1362 4595 1475 4652 XI.
1509 4595 1596 4650 48.
1652 4594 1810 4651 Illud
1866 4608 2104 4663 quoque
2160 4606 2281 4648 non
2337 4591 2712 4660 ineleganter
2772 4590 3001 4645 dubita·

447 4677 630 4753 batur,
687 4684 740 4738 si
795 4682 987 4740 coloni
1046 4684 1208 4740 filius
1243 4699 1348 4755 per
1384 4684 1633 4753 triginta
1667 4697 1968 4738 annorum
2007 4679 2305 4737 curricula
2341 4679 2435 4734 vel
2469 4678 2721 4734 forsitan
2757 4677 3003 4747 quadra·

447 4768 613 4834 ginta
647 4784 755 4827 seu
794 4771 1097 4843 ampliora,
1132 4771 1330 4827 adhuc
1365 4771 1613 4827 vivente
1648 4772 1820 4840 patre
1856 4771 1920 4825 et
1957 4767 2391 4837 agriculturam
2427 4767 2766 4835 peragente,
2792 4765 3001 4833 ipsein

446 4851 623 4913 libera
658 4860 1114 4916 conversatione
1149 4859 1513 4928 morabatur,
1548 4858 1612 4913 et
1648 4857 1932 4913 dominus
1966 4857 2182 4925 terrae,
2217 4854 2359 4928 quia
2382 4854 2739 4926 per-patrem
2756 4852 2812 4908 ei
2833 4852 3000 4908 satis-
