3770 5738
1657 483 1744 546 49

397 680 586 746 forte
658 684 853 745 terra
926 681 1573 763 quantulacumque
1646 698 1887 746 eorum
1960 682 2272 762 ipsorum
2340 677 2534 758 sit1).
2599 682 2672 746 L.
2732 683 2794 747 6.
2844 681 2982 762 C.J‚

400 797 529 862 XI.
602 800 709 862 68.
778 799 1043 863 indicat
1123 799 1465 878 quomodo
1538 800 1885 879 agendum
1952 800 2048 863 sit
2098 816 2258 864 cum
2327 817 2489 880 pars
2553 800 2697 879 agri
2727 800 2986 864 fiscalis

405 916 650 981 colono
720 917 997 981 cuidam
1072 922 1330 981 veneat
1356 914 1425 993 2).
1503 917 1756 981 L.133.
1828 917 2026 981 C.Th.
2090 917 2248 980 XII.
2306 919 2360 981 1.
2414 917 2479 981 id
2531 917 2868 997 prospicit
2924 918 2983 982 si

410 1034 714 1114 curialiS,
787 1008 893 1098 ut*
940 1034 1160 1098 officia
1230 1035 1659 1100 condicionis
1730 1052 1899 1099 suae
1971 1035 2341 1105 detrectet,
2406 1035 2691 1100 colonus
2739 1035 2863 1100 fiat
2912 1036 2981 1100 in

412 1169 577 1231 agro
648 1152 948 1232 quodam
1024 1153 1497 1234 patrimoniali
1572 1156 1645 1218 et
1719 1154 1919 1233 ponit
1976 1153 2124 1218 fieri
2194 1170 2398 1233 posse
2440 1158 2521 1217 ut
2569 1154 2726 1233 quis
2776 1153 2983 1218 dorni·

416 1270 614 1334 nium
660 1251 1021 1351 privatum
1071 1271 1327 1335 habeat
1375 1274 1651 1352 praeter
1697 1287 1942 1351 agrum
1989 1270 2414 1336 conductum
2445 1266 2517 1343 3).
2561 1271 2633 1335 L.
2686 1272 2791 1336 20.
2846 1270 2982 1335 C.J.

414 1387 540 1452 XI.
596 1388 702 1452 48.
752 1387 907 1452 fuse
959 1392 1242 1452 enarrat
1290 1404 1466 1467 quae
1514 1388 1696 1452 rat-io
1739 1387 2050 1452 ineunda
2091 1389 2207 1466 sit,
2253 1388 2313 1451 si
2365 1387 2651 1452 colonus
2699 1388 2985 1468 quidam

417 1523 572 1571 cum
649 1506 927 1570 domino
999 1523 1126 1571 suo
1203 1506 1434 1587 litiget
1505 1505 1588 1570 de
1651 1506 1956 1570 dominio
2012 1506 2197 1586 agri3
2247 1506 2318 1570 L.
2377 1508 2432 1570 1.
2487 1505 2685 1570 C.Th.
2738 1506 2823 1571 V.
2876 1508 2982 1572 10.

418 1623 727 1706 loquitur
776 1624 860 1689 de
911 1625 1207 1706 propriis
1253 1625 1445 1688 arvis
1473 1620 1541 1703 4),
1595 1629 1668 1689 et
1721 1624 1896 1689 Nov.
1940 1624 2124 1688 Just.
2172 1624 2439 1689 CLXlI.
2492 1642 2638 1705 cap.
2692 1626 2776 1705 2.,
2838 1642 2985 1706 pos·

419 1746 664 1823 tremo,
698 1742 781 1807 de
808 1743 1086 1824 propria
1112 1744 1551 1824 possessione
1582 1739 1654 1824 ⁵).
1686 1779 1766 1788 —
1796 1743 1873 1806 In
1903 1750 2294 1807 extremam
2320 1743 2498 1808 hanc
2523 1743 2746 1823 legem
2780 1743 2985 1823 paulo

418 1861 819 1925 accuratius
890 1861 1385 1941 inquirendum
1463 1863 1593 1926 est.
1661 1858 1936 1925 Statuit
1984 1864 2067 1923 ut
2114 1860 2313 1925 liberi
2361 1877 2449 1925 ex
2497 1860 2714 1926 libera
2762 1864 2987 1926 matre

420 1982 492 2044 et
566 1979 1017 2060 adscripticio
1089 1983 1286 2060 patre
1358 1980 1702 2060 procreati
1781 1979 1980 2043 liberi
2038 1978 2314 2059 quidem
2365 1980 2530 2060 sint,
2580 1979 2702 2044 sed
2747 1980 2988 2044 eadem

424 2098 689 2163 ratione
740 2114 878 2178 qua
924 2098 1051 2162 hoc
1098 2098 1291 2161 valet
1340 2098 1423 2161 de
1471 2097 1734 2162 colonis
1782 2097 2188 2161 ordinariis:
2237 2114 2279 2161 a
2327 2097 2606 2177 praedio
2635 2097 2989 2163 discedere

423 2232 556 2280 non
609 2215 804 2295 licet3
855 2220 1346 2295 praeterquam
1406 2252 1468 2260 —
1529 2217 1600 2279 et
1650 2216 1777 2280 hoc
1825 2218 2076 2280 notatu
2136 2215 2425 2295 dignum
2477 2215 2759 2281 videtur
2816 2253 2873 2261 —
2930 2215 2990 2281 si

424 2334 554 2415 ipsi
626 2333 887 2397 domini
960 2332 1142 2398 fiunt
1210 2333 1473 2414 praedii
1545 2333 1930 2413 cujusdam,
2004 2334 2184 2413 quod
2258 2350 2380 2414 per
2422 2350 2497 2398 se
2549 2333 2849 2398 sufficiat
2890 2334 2992 2399 eis

429 2468 672 2532 parare
744 2467 921 2531 quae
992 2451 1075 2515 ad
1150 2452 1423 2516 victum
1484 2468 1658 2532 opus
1733 2453 1904 2515 sunt
1972 2468 2195 2532 neque
2242 2451 2598 2533 permittit
2646 2455 2729 2517 ut
2775 2453 2992 2517 etiam

424 2570 731 2634 alienum
801 2568 1163 2650 praedium
1240 2568 1476 2633 colant
1544 2572 1756 2648 atque
1828 2569 1920 2633 ibi
1988 2568 2356 2634 considant
2382 2564 2452 2645 ⁶).
2502 2570 2580 2633 In
2623 2586 2756 2650 quo
2805 2588 2992 2636 nunc

427 2688 491 2752 id
546 2688 803 2769 agitur,
855 2704 1044 2766 num,
1094 2688 1281 2752 omni
1332 2686 1613 2752 vinculo
1662 2704 1819 2751 cum
1869 2687 2148 2751 domino
2204 2690 2431 2770 rupte,
2483 2688 2700 2752 etiam
2748 2688 2991 2753 adhae-

426 2807 654 2872 rentia
715 2806 801 2872 ad
868 2806 1099 2888 ipsum
1169 2805 1532 2888 praedium
1585 2805 1764 2887 quod
1817 2805 2060 2871 colunt
2105 2805 2389 2871 sublata
2432 2806 2549 2888 sit,
2600 2806 2705 2871 i.e.
2752 2808 2992 2871 utrum

496 3010 534 3079 ¹)
572 3010 633 3064 L.
687 3011 738 3065 4.
791 3010 825 3076 ς
884 3011 933 3064 1.
986 3008 1045 3064 C.
1100 3008 1152 3064 J.
1207 3007 1316 3063 XI.
1368 3008 1453 3064 48.
1503 3008 1659 3064 Sane
1696 3009 1918 3078 quibus
1955 3010 2250 3064 terrarum
2287 3009 2403 3062 erit
2437 3008 2993 3078 quantulacumque

436 3097 726 3165 possessio
864 3097 937 3151 ab
975 3095 1160 3164 hujus
1195 3097 1495 3164 praecepti
1533 3096 1956 3151 communione
1993 3095 2410 3150 discernimus.

502 3184 542 3252 ¹)
579 3184 640 3239 L.
678 3184 728 3239 6.
769 3183 827 3239 C.
862 3182 916 3238 J.
951 3182 1062 3238 XI.
1096 3183 1181 3237 68.
1220 3182 1512 3249 Quotiens
1547 3183 1724 3238 alicui
1762 3183 2107 3238 colonorum
2146 3196 2357 3250 agrum
2395 3182 2611 3250 privati
2650 3182 3010 3251 patrimonii¹

442 3272 623 3326 nostri
660 3271 951 3341 placuerit
988 3271 1411 3325 venumdari..
1436 3310 1447 3325 .

505 3357 543 3427 ¹)
578 3359 641 3414 L.
693 3357 778 3413 33.
833 3358 894 3414 C.
949 3357 1057 3412 Th.
1094 3357 1232 3412 XII.
1272 3359 1319 3412 1.
1359 3357 1650 3425 Quoniam
1687 3357 2028 3412 sublimitas
2066 3359 2173 3412 tua
2209 3357 2528 3426 suggessit,
2564 3356 2790 3412 multos
2825 3357 2994 3412 decli·

444 3449 651 3501 nantes
686 3445 971 3514 obsequia
1007 3445 1356 3513 machinari,
1394 3451 1463 3499 ut
1498 3444 1804 3513 privilegia
1841 3445 1922 3499 rei
1961 3445 2224 3512 privatae
2255 3447 2493 3499 nostrae
2534 3443 2997 3512 colonatusjure

445 3537 737 3587 sectantes
773 3532 1090 3587 curialium
1131 3532 1574 3586 nominationes
1611 3531 1931 3598 declinent,
1970 3531 2294 3599 sancimus,
2332 3532 2417 3598 ut,
2455 3531 2819 3599 quicumque
2842 3531 2999 3586 ultra

447 3619 648 3687 viginti
700 3620 965 3689 quinque
1007 3619 1220 3687 jugera
1254 3619 1485 3687 privato
1523 3619 1784 3673 dominio
1822 3619 2136 3687 possidens
2172 3619 2518 3687 ampliorem
2555 3633 2630 3673 ex
2668 3631 2730 3672 re
2765 3619 2999 3687 privata

450 3709 643 3762 nostra
686 3706 1085 3775 jugerationis
1136 3705 1383 3760 modum
1442 3705 1680 3760 cultura
1732 3711 1794 3760 et
1844 3704 2252 3760 sollicitudine
2291 3705 2526 3774 propria
2559 3705 2998 3774 gubernaverit,

449 3795 599 3849 omni
644 3794 1087 3863 privilegiorum
1124 3794 1217 3848 vel
1261 3793 1507 3861 originis
1542 3794 1635 3848 vel
1672 3793 1995 3860 cujuslibet
2029 3793 2440 3848 excusationis
2473 3793 2722 3848 alterius
2756 3790 2998 3848 frustra·

451 3877 598 3935 tione
633 3882 852 3950 amota,
889 3880 1094 3935 curiali
1131 3880 1429 3935 consortio
1466 3880 1819 3935 vindicetur.
1884 3951 1890 3954 Δ

510 3967 547 4035 ⁴)
584 3968 644 4023 L.
684 3969 731 4023 1.
771 3966 827 4022 C.
867 3964 973 4021 Th.
1012 3964 1082 4021 V.
1119 3967 1181 4021 11
1205 4008 1218 4020 .
1242 4008 1291 4021 ..
1328 3967 1379 4021 si
1417 3981 1536 4035 qua
1570 3967 1806 4035 propria
1841 3968 1944 4030 (so.
1981 3970 2142 4036 arva)
2180 3967 2425 4022 habent.

511 4052 546 4121 ⁸)
582 4054 728 4110 Nov.
783 4053 938 4108 Just.
989 4052 1221 4108 CLXII.
1257 4067 1383 4122 cap.
1418 4054 1556 4108 2...
1592 4053 1687 4108 sin
1726 4067 1804 4107 ex
1840 4053 2025 4109 libera
2062 4056 2253 4109 matre
2289 4054 2396 4122 (sc.
2429 4055 2492 4108 et
2525 4053 2899 4122 adscripticio
2934 4055 2997 4110 in

454 4142 672 4203 praedio
708 4141 907 4210 aliquo
945 4140 1071 4196 nati
1107 4145 1293 4209 sunt),
1332 4141 1669 4195 manebunt
1704 4141 1944 4208 quidem
1983 4141 2253 4196 liberi...
2293 4155 2402 4196 nec
2441 4141 2644 4196 tamen
2664 4157 2740 4196 ex
2759 4142 2997 4210 praedio

453 4229 833 4294 egredientur,
870 4229 976 4283 sed
1014 4229 1125 4283 hoc
1162 4228 1375 4292 colent,
1415 4242 1611 4296 neque
1648 4228 1850 4283 licebit
1885 4228 1958 4282 iis
1997 4229 2106 4282 hoc
2144 4227 2477 4297 relinquere
2504 4230 2685 4296 atque
2703 4228 2820 4283 alia
2837 4229 2997 4284 obire

452 4309 645 4384 aliena,
702 4315 819 4370 nisi
862 4314 1013 4370 forte
1050 4315 1276 4370 domini
1313 4314 1454 4369 facti
1490 4315 1617 4369 sint
1651 4315 1920 4383 propriae
1955 4315 2212 4382 alicujus
2246 4315 2656 4383 possessionis,
2691 4329 2845 4384 quae
2880 4315 2997 4371 suf·

454 4394 602 4457 ficiat
651 4403 722 4457 ad
780 4417 882 4457 eos
937 4403 998 4457 in
1054 4403 1183 4471 ipsa
1237 4402 1616 4470 occupandos
1670 4416 1779 4456 nec
1815 4402 1933 4457 alia
1968 4416 2204 4470 quoque
2242 4402 2424 4457 etiam
2463 4403 2652 4457 colere
2687 4403 3001 4470 permittat

452 4485 620 4555 atque
655 4490 716 4544 in
754 4490 919 4544 illam
958 4489 1460 4556 transmigrarint.

521 4572 559 4641 ⁶)
593 4576 651 4630 L.
705 4576 754 4632 7.
810 4576 867 4631 C.
920 4575 1025 4632 Th.
1065 4575 1173 4631 Xl.
1215 4577 1262 4630 1.
1298 4575 1373 4629 ad
1412 4575 1722 4631 Senatum.
1761 4575 2147 4644 Compertum
2185 4577 2294 4642 est,
2331 4590 2434 4644 pro
2474 4575 2700 4631 colonis
2735 4575 3001 4645 profugis

458 4657 531 4710 ad
562 4663 919 4718 exsolvenda
954 4678 1058 4717 vos
1094 4662 1320 4717 fiscalia
1355 4662 1679 4718 conveniri.
1714 4662 1747 4716 J
1757 4663 2011 4717 ubemus
2045 4663 2245 4732 igitur,
2283 4663 2332 4718 si
2372 4663 2520 4717 nihil
2557 4677 2634 4717 ex
2671 4663 3001 4719 eorundem
3107 4655 3130 4718 ’ἐ

458 4739 624 4803 terris
661 4753 1001 4830 senatorum
1042 4764 1409 4818 quemquam
1447 4750 1749 4818 possidere
1786 4750 2142 4817 constiterit,
2181 4752 2250 4805 ut
2285 4749 2453 4806 nulla
2488 4749 2768 4817 cuiquam
2807 4751 3002 4818 pensi-

469 4827 624 4888 tandi
657 4849 758 4902 pro
793 4836 904 4908 his,
941 4836 1042 4907 qui
1077 4836 1439 4905 aufugerint,
1476 4836 1804 4892 necessitas
1836 4836 2200 4905 imponatur.

2761 4931 2794 4986 4

3097 4743 3120 4774 θ
