3770 5738
1735 528 1816 593 21

486 723 855 805 praedium
917 724 1100 806 quod
1164 726 1477 791 colerent
1522 727 1957 809 relinquere;
2010 728 2076 792 id
2128 730 2274 794 est:
2326 728 2587 793 statuit
2634 729 2716 793 ut
2764 729 3057 809 posthac

488 842 893 923 hujusmodi
941 843 1144 909 liberi
1190 844 1417 909 coloni
1467 845 1798 911 ordinarii
1846 846 2097 911 fierent
2125 841 2194 924 1).

582 961 674 1025 Et
732 964 977 1042 postea
1039 961 1321 1027 demum
1368 964 1586 1029 etiam
1634 981 1834 1044 porro
1883 965 2245 1047 processit,
2295 964 2556 1030 crebris
2603 965 3057 1045 querimoniis

490 1095 977 1160 possessorum
1037 1080 1119 1145 de
1177 1082 1451 1147 damnis
1496 1084 1750 1163 quibus
1798 1083 2084 1164 praedia
2128 1082 2612 1148 afficiebantur
2644 1086 3056 1165 6611111161116,

492 1215 573 1262 66
621 1199 849 1263 denuo
898 1200 1200 1280 priorem
1248 1200 1440 1265 illam
1492 1201 2003 1267 ordinationem
2051 1202 2391 1284 instituit,
2440 1201 2710 1266 scilicet
2753 1204 2835 1291 ut
2858 1201 3058 1267 liberi

492 1316 1106 1398 adscripticiorum
1154 1320 1227 1383 et
1274 1318 1674 1384 colonorum
1722 1336 1997 1402 semper
2043 1318 2401 1384 fortunam
2446 1320 2671 1401 patris
2695 1336 3057 1401 sequeren-

500 1437 651 1515 tur;
700 1435 1097 1501 multamX
1122 1436 1455 1501 librarum
1496 1437 1648 1502 auri
1675 1438 1737 1502 ei
1764 1438 2171 1503 minabatur
2195 1438 2312 1518 qui
2347 1439 2526 1502 hanc
2551 1437 2771 1517 legem
2801 1438 3059 1503 iterum

501 1553 967 1618 constitutam
1036 1554 1334 1621 violaret
1402 1558 1529 1620 aut
1586 1556 1837 1621 violari
1898 1557 2163 1622 sineret
2190 1553 2260 1633 2).
2309 1555 2490 1621 Fieri
2538 1559 2776 1621 tamen
2826 1559 3062 1637 potest

506 1672 587 1735 ut
654 1670 769 1735 lex
829 1672 903 1736 in
966 1689 1105 1753 qua
1150 1674 1322 1738 haec
1352 1674 1694 1755 Jubentur
1740 1675 1827 1740 ad
1877 1675 2237 1757 Illyricum
2283 1677 2568 1739 tantum
2617 1675 3059 1758 pertinuerit,

578 2008 617 2073 ¹)
651 2008 802 2066 Nov.
854 2008 1015 2065 Just.
1069 2009 1300 2066 CLXII.
1358 2011 1491 2080 cap.
1535 2012 1588 2068 2.
1624 2011 1943 2067 Praeterea
1978 2012 2049 2067 de
2085 2011 2348 2068 secundo
2384 2012 2578 2081 capite
2613 2026 2650 2066 a
2685 2012 3062 2068 sublimitate

510 2097 616 2152 tua
665 2097 1021 2165 interrogati
1075 2112 1308 2169 611111116,
1361 2114 1510 2155 1111111
1547 2102 1684 2168 post
1717 2100 2219 2155 constitutionem
2259 2101 2529 2155 nostram
2567 2114 2721 2168 quae
2755 2100 2807 2155 si
2843 2101 2946 2169 qui
2984 2115 3063 2156 ex

509 2182 690 2239 libera
740 2185 804 2239 et
836 2185 1214 2254 adscripticio
1252 2189 1583 2242 nascantur
1616 2201 1719 2242 eos
1753 2187 1974 2243 liberos
2008 2201 2140 2242 6666
2175 2187 2311 2242 vult
2347 2189 2588 2256 propter
2622 2188 2834 2243 matris
2868 2188 3065 2243 condi·

508 2270 739 2326 cionem
774 2271 1251 2329 existimandum
1288 2274 1385 2343 sit,
1422 2274 1667 2329 tametsi
1705 2274 2071 2344 adscripticii
2111 2289 2232 2328 non
2269 2274 2399 2328 sint
2431 2273 2572 2329 facti
2608 2274 2944 2329 secundum
2961 2274 3066 2342 jus

506 2358 845 2428 antiquum,
884 2360 1088 2414 tamen
1126 2360 1335 2429 utique
1372 2360 1612 2416 colonos
1647 2375 1751 2416 eos
1788 2362 1915 2416 fieri
1952 2361 2264 2430 propterea
2300 2361 2458 2429 quod
2486 2360 2675 2416 altera
2709 2362 3065 2417 constitutio

505 2447 713 2500 nostra
746 2446 887 2501 filiis
921 2461 1159 2515 quoque
1194 2447 1539 2503 colonorum
1578 2463 1699 2503 non
1736 2448 2054 2516 permittat
2077 2449 2300 2502 terram
2325 2447 2678 2517 relinquere,
2698 2448 2804 2503 sed
2823 2463 3066 2504 manere

503 2531 746 2588 colonos
774 2533 1012 2602 jubeat3
1049 2533 1227 2602 idque
1263 2535 1457 2589 multo
1494 2535 1688 2604 magis
1723 2535 1810 2590 ita
1845 2549 1979 2589 esse
2016 2536 2285 2603 oportere
2310 2534 2795 2603 quandoquidem
2822 2536 3066 2590 omnino

504 2620 670 2674 inter
708 2619 816 2674 1166
851 2634 1136 2689 personas
1171 2621 1687 2690 adscripticiorum
1724 2623 1806 2677 sit
1840 2622 2173 2690 progenies.
2211 2621 2375 2676 Haec
2391 2621 2578 2690 igitur
2597 2622 3068 2691 interrogatione

505 2708 614 2761 tua
650 2706 715 2762 in
751 2707 1052 2776 praedicto
1088 2709 1283 2778 capite
1318 2710 1800 2765 continebantur.
1822 2708 2007 2777 Atqui
2030 2711 2300 2764 mentem
2322 2710 2593 2764 nostram
2612 2707 3067 2764 considerantes

506 2808 683 2850 nosse
720 2795 953 2864 oportet
990 2810 1325 2866 numquam
1363 2811 1474 2851 nos
1507 2796 1872 2866 permittere,
1906 2798 1975 2851 ut
1996 2796 2144 2851 liber
2161 2798 2374 2851 venter
2392 2796 2838 2866 adscripticium
2857 2797 3067 2866 pariat,

504 2884 610 2939 sed
648 2883 805 2939 hanc
840 2884 1086 2952 quidem
1121 2887 1331 2940 notam
1369 2886 1432 2940 et
1466 2886 1710 2954 signum
1748 2886 1893 2940 nato
1929 2886 2065 2954 post
2102 2885 2295 2953 legem
2335 2887 2481 2941 tunc
2515 2884 2701 2940 latam
2733 2900 2866 2940 esse
2885 2886 3066 2955 impo-

505 2972 794 3041 nendum,
850 2971 920 3026 ut
973 2971 1221 3027 omnino
1255 2971 1506 3028 libertas
1543 2973 1866 3027 conveniat
1902 2972 1979 3028 iis
2016 2972 2119 3041 qui
2155 2986 2231 3026 ex
2271 2972 2456 3027 libera
2491 2973 2683 3028 matre
2722 2973 3070 3028 nascantur.

506 3058 567 3113 Si
606 3058 745 3127 quis
782 3058 968 3127 igitur
1003 3073 1080 3114 ex
1114 3059 1302 3114 libera
1337 3060 1401 3115 et
1434 3059 1812 3128 adscripticio
1851 3060 2036 3114 natus
2072 3059 2169 3128 611,
2205 3060 2413 3114 11161161
2452 3059 2504 3113 16
2540 3059 2785 3127 quidem
2822 3059 2973 3115 liber
3006 3063 3070 3115 et

505 3147 842 3201 maternam
896 3146 1342 3214 ingenuitatem
1396 3147 1563 3202 nullo
1615 3147 1792 3202 modo
1846 3146 2056 3216 abicit;
2093 3145 2364 3201 ostendit
2398 3147 2604 3202 autem
2640 3147 2998 3202 constitutio
3034 3162 3070 3203 a

507 3233 679 3288 nobis
714 3233 1018 3302 proposita
1052 3247 1118 3288 se
1155 3231 1308 3288 tales
1343 3233 1625 3289 homines
1661 3233 1813 3288 velle
1849 3232 2077 3288 incolas
2112 3232 2491 3302 praediorum
2513 3232 2889 3302 cultoresque
2909 3249 3068 3303 agro·

506 3334 638 3376 rum
675 3334 940 3388 manere,
977 3320 1186 3389 utpote
1222 3320 1304 3374 ibi
1340 3320 1606 3389 genitos:
1642 3320 1756 3376 hoc
1793 3320 1956 3376 enim
1996 3320 2109 3375 sibi
2135 3320 2272 3374 vult
2290 3319 2483 3376 coloni
2503 3320 2835 3389 appellatio.
2855 3320 3070 3389 Itaque

506 3422 625 3463 non
662 3407 1051 3463 concedimus
1086 3408 1163 3461 iis
1196 3406 1547 3463 facultatem
1583 3408 1896 3477 praedium
1933 3407 2310 3476 relinquendi
2347 3409 2410 3463 et
2447 3408 2521 3463 ad
2547 3406 2666 3463 alia
2683 3422 2748 3462 se
2766 3408 3069 3476 vertendi;

504 3495 608 3550 sed
663 3495 717 3550 si
755 3496 858 3563 qui
910 3496 1159 3552 omnino
1211 3497 1276 3551 in
1332 3495 1572 3565 praedio
1620 3496 1818 3564 aliquo
1863 3495 1993 3550 nati
2030 3495 2173 3564 sint,
2211 3495 2261 3550 61
2298 3494 2542 3563 quidem
2577 3509 2655 3550 ex
2692 3495 3072 3563 adscripticia

506 3586 717 3652 matre,
770 3582 1163 3639 manifestum
1217 3584 1313 3639 est
1347 3583 1558 3651 utique
1594 3597 1697 3638 eos
1733 3582 2144 3651 adscripticios
2179 3581 2416 3637 futuros
2451 3596 2602 3653 esse,
2637 3582 2734 3636 sin
2772 3596 2851 3637 ex
2885 3582 3071 3637 libera

507 3671 717 3740 matre,
772 3671 1110 3726 manebunt
1147 3671 1390 3739 quidem
1427 3670 1598 3725 liberi
1634 3671 1698 3725 et
1732 3683 1887 3738 quae
1923 3670 1997 3724 ab
2034 3669 2131 3724 his
2166 3669 2465 3738 acquisita
2500 3670 2650 3724 sunt
2685 3683 2871 3737 penes
2907 3669 3069 3739 ipsos

506 3763 685 3814 erunt
734 3773 929 3827 neque
964 3757 1269 3828 peculium
1305 3759 1413 3815 fiet
1447 3757 1846 3825 dominorum,
1883 3771 1993 3813 1166
2033 3759 2240 3812 16111611
2276 3771 2355 3811 ex
2393 3757 2633 3826 praedio
2669 3756 3069 3826 egredientur,

506 3846 609 3901 sed
645 3845 761 3901 hoc
797 3845 1012 3912 colent,
1050 3860 1244 3915 neque
1281 3845 1488 3901 licebit
1527 3846 1605 3900 iis
1639 3845 1753 3900 hoc
1788 3845 2127 3913 relinquere
2163 3844 2347 3913 atque
2383 3843 2501 3899 alia
2536 3844 2698 3898 obire
2718 3843 2931 3913 aliena,
2952 3844 3069 3898 nisi

506 3931 653 3988 forte
707 3932 937 3988 domini
974 3932 1116 3988 facti
1153 3934 1280 3989 sint
1314 3933 1585 4002 propriae
1619 3932 1877 4000 alicujus
1912 3931 2329 4001 possessioniS‚
2367 3945 2521 3999 quae
2558 3930 2824 3986 sufficiat
2858 3930 2932 3986 ad
2969 3944 3073 3986 eos

508 4021 568 4074 in
604 4021 739 4089 ipsa
773 4019 1151 4089 occupandos
1186 4034 1380 4089 neque
1416 4020 1532 4076 alia
1567 4034 1804 4089 quoque
1840 4020 2025 4075 etiam
2061 4018 2251 4074 colere
2269 4019 2600 4088 permittat,
2620 4020 2800 4087 atque
2820 4017 2882 4072 in
2904 4017 3071 4073 illam

508 4108 1015 4176 transmigrarint.
1068 4107 1312 4177 Alioqui
1365 4108 1648 4165 omnibus
1700 4107 1898 4163 modis
1934 4109 2007 4162 ut
2041 4108 2330 4162 maneant
2366 4106 2430 4161 in
2466 4105 2707 4175 praedio
2744 4105 3071 4173 661161111116,

505 4194 675 4250 1111611
731 4194 977 4264 quidem
1033 4195 1371 4266 constituti,
1426 4194 1693 4250 incolatu
1747 4195 1955 4249 autem
2009 4194 2259 4249 detenti.
2314 4194 2517 4261 Atque
2552 4192 2666 4248 hoc
2703 4192 2945 4261 quidem
2983 4191 3072 4246 ita

510 4282 914 4337 constitutum
948 4285 1099 4337 esto,

578 4369 619 4434 ³)
655 4367 1020 4425 Constitutio
1075 4368 1405 4424 ,Iustiniani
1458 4368 1530 4422 de
1567 4366 1964 4437 adscripticiis
1998 4369 2061 4422 et
2096 4365 2341 4421 colonis.
2378 4364 2574 4420 Praef.¹
2605 4365 2908 4420 Adierunt
2943 4378 3071 4419 nos·

513 4457 663 4511 tram
698 4455 1088 4511 serenitatem
1127 4455 1625 4524 Lugdunensium
1652 4454 2021 4510 habitatores
2044 4455 2108 4510 et
2125 4453 2239 4509 hoc
2260 4466 2371 4508 nos
2389 4452 2751 4507 docuerunt:
2773 4451 2913 4520 quia
2931 4453 3072 4506 ante

513 4542 928 4611 proposuimus
982 4541 1195 4612 legem,
1248 4556 1352 4611 per
1395 4556 1577 4610 quam
1608 4541 1909 4610 ,iussimus
1944 4540 2356 4609 adscripticios
2391 4539 2487 4594 vel
2524 4537 2767 4594 colonos
2802 4538 3072 4594 commis·

517 4630 717 4685 centes
769 4644 833 4685 se
870 4630 1071 4685 liberis
1106 4628 1461 4685 mulieribus
1496 4643 1802 4698 procreare
1839 4627 1995 4684 filios
2029 4627 2104 4683 ad
2140 4626 2599 4682 similitudinem
2636 4625 2977 4693 liberorum,
3013 4625 3076 4680 et

521 4727 593 4768 ex
628 4720 735 4770 noc
773 4716 1187 4772 detrimentari
1223 4715 1445 4771 fundos
1480 4716 1543 4771 et
1570 4729 1776 4770 eorum
1795 4714 2157 4784 functiones,
2177 4713 2596 4768 recedentibus
2614 4712 2888 4781 agricolis
2905 4711 3076 4768 velut

525 4813 597 4854 ex
640 4803 807 4859 utero
860 4802 1045 4859 libero
1082 4802 1559 4871 precedentibus.
1596 4800 1729 4871 Cap.
1769 4802 1820 4857 1.
1856 4802 1933 4857 Et
1965 4802 2080 4856 hoc
2115 4801 2482 4869 corrigentes
2517 4799 2827 4854 sancimus
2862 4813 3076 4854 secun-

408 4895 417 4906 ·
531 4884 664 4942 dum
716 4891 979 4946 veterem
1032 4888 1228 4958 legem
1285 4889 1358 4944 de
1412 4887 1810 4958 adscripticiis
1865 4889 1930 4944 et
1964 4888 2190 4945 colonis
2225 4886 2576 4943 constitutis
2608 4886 2881 4956 agricolis
2916 4885 3075 4954 quod
