3770 5738
1972 527 2099 595 116

762 746 842 794 eo
911 730 1197 809 gravius
1266 731 1420 794 erat
1491 729 1820 794 damnum
1889 729 1950 794 si
1997 732 2471 795 morerentur:
2525 730 2780 796 idcirco
2826 728 3050 796 Varro
3096 728 3322 796 suasit

762 851 844 912 ut
913 848 984 912 in
1053 849 1224 913 locis
1273 848 1748 913 insalubribus
1793 848 1994 913 liberi
2042 849 2340 930 operarii
2385 849 2908 914 adhiberentur.
2957 849 3321 914 Favebant

763 983 1200 1046 possessores
1272 965 1648 1030 liberorum
1717 967 2183 1048 procreationi
2260 968 2334 1031 et
2403 968 2714 1048 praemia
2780 968 2865 1032 ad
2944 984 3096 1032 eam
3176 985 3321 1032 rem

760 1085 1303 1165 promovendam
1372 1086 1850 1166 proponebant
1881 1080 1952 1166 ¹),
2033 1085 2491 1166 postulabant
2557 1086 2645 1149 ab
2693 1085 2900 1150 vilico
2948 1085 3201 1150 saltem
3241 1090 3323 1150 ut

760 1203 1013 1267 stabile
1084 1204 1612 1268 matrimonium
1669 1203 1879 1267 iniret
1907 1200 1978 1284 ⁴²),
2029 1220 2163 1284 quo
2212 1203 2534 1284 exemplo
2583 1203 2982 1267 ostenditur
3029 1204 3320 1267 necessi·

759 1324 984 1385 tatem
1045 1322 1556 1386 oeconomicam
1605 1323 1749 1386 hacv
1781 1322 1850 1385 in
1899 1338 1972 1385 re
2019 1322 2343 1386 meliores
2381 1338 2611 1386 mores
2657 1320 3008 1386 attulisse.
3061 1321 3319 1386 Omnes

759 1440 888 1504 hae
973 1440 1282 1504 rationes
1367 1441 1583 1520 igitur
1652 1440 2143 1504 demonstrant
2220 1439 2528 1504 laborem
2597 1457 2961 1504 servorum
3032 1441 3351 1518 minime⁴

760 1558 1106 1622 usitatum
1153 1559 1364 1637 atque
1414 1557 1783 1638 vulgatum
1829 1574 1985 1622 esse
2033 1557 2350 1637 potuisse
2378 1550 2447 1634 3).

850 1675 1107 1757 Quodsi
1155 1677 1265 1740 his
1311 1676 1747 1756 argumentis
1795 1676 2150 1757 probabile
2195 1679 2306 1741 est
2352 1675 2620 1741 factum
2670 1675 3019 1740 culturam
3065 1676 3133 1739 in
3182 1692 3320 1756 qua

756 1795 941 1858 servi
987 1795 1499 1859 adhibebantur
1523 1811 1880 1874 nunquam
1906 1794 2126 1858 solam
2151 1794 2222 1857 in
2247 1793 2642 1861 latifundiis
2666 1810 2954 1873 regnare
2980 1794 3318 1876 potuisse,

756 1929 838 1977 ea
885 1929 1156 1993 quoque
1182 1912 1430 1993 opini0,
1457 1912 1841 1977 secundum
1866 1929 2075 1992 quam
2100 1913 2171 1976 in
2198 1911 2407 1977 Italia
2429 1912 2771 1992 agricolae
2796 1914 2870 1976 et
2893 1929 2967 1976 re
2992 1911 3319 1993 pecuaria

755 2033 829 2095 et
898 2047 978 2095 eo
1024 2030 1203 2110 quod
1250 2031 1400 2113 agri
1444 2030 1695 2094 inculti
1741 2030 2143 2113 manebant,
2194 2029 2465 2111 depulsi
2507 2047 2661 2095 esse
2709 2032 3073 2111 putantur,
3122 2030 3314 2094 nullo

755 2149 958 2213 modo
1005 2151 1199 2213 recta
1246 2165 1400 2213 esse
1448 2152 1702 2229 potest.
1750 2148 2045 2213 Putavit
2091 2148 2637 2214 HEISTERBERGK
2676 2148 2747 2212 in
2771 2148 2977 2212 Italia
3002 2148 3316 2229 ingentia

756 2267 876 2331 illa
923 2267 1296 2332 latifundia
1342 2284 1479 2332 non
1507 2274 1661 2331 orta
1686 2284 1839 2332 esse
1863 2269 2145 2348 propter
2170 2284 2420 2332 causas
2446 2267 2925 2348 oeconomicaS,
2948 2268 3028 2330 ut
3053 2283 3318 2347 posses-

755 2402 946 2470 sores
1014 2385 1283 2450 reditus
1330 2402 1496 2449 suos
1541 2388 1904 2466 augerent,
1952 2384 2073 2450 sed
2122 2387 2405 2450 tantum
2452 2402 2541 2449 ex
2589 2385 2742 2466 ipsa
2788 2384 3114 2465 cupidine
3159 2400 3315 2448 con·

748 2503 1108 2584 jungendi.
1186 2502 1442 2588 „Stolz,
1490 2503 1951 2585 Uebermuth,
2008 2503 2546 2586 Herrschsucht,
2593 2502 3070 2585 militarische,
3117 2503 3314 2566 nicht

753 2706 858 2762 der
907 2707 1050 2762 sehr
1101 2707 1391 2776 geringen
1448 2706 1595 2761 Zahl
1649 2706 1997 2761 weiblicher
2049 2705 2319 2771 Sclaven,
2373 2706 2468 2761 die
2514 2705 2579 2773 ja
2622 2719 2741 2760 nur
2775 2705 2955 2759 einen
2992 2703 3309 2759 minderen

748 2794 1151 2849 Arbeitswert
1188 2794 1415 2862 haben;
1450 2794 1507 2848 2⁰
1543 2794 1608 2847 in
1645 2794 1749 2847 der
1784 2793 2299 2848 wohlbekannten
2336 2792 2673 2847 Thatsache
2709 2792 2848 2847 dasz
2867 2791 3307 2847 Promiskuitat

748 2881 1146 2937 unfruchtbar
1172 2883 1404 2949 macht;
1423 2881 1481 2936 3⁰
1500 2882 1566 2936 in
1585 2882 1688 2936 der
1701 2881 2053 2939 schlechten
2065 2880 2468 2949 Behandlung
2487 2880 2591 2935 der
2609 2879 2892 2935 Sklaven.
2913 2879 2985 2934 cf.
3004 2881 3077 2934 A.
3095 2879 3311 2935 LomA.

746 2968 854 3023 Die
875 2968 1480 3024 Sklavenwirtschaft
1502 2968 1586 3023 im
1607 2968 1936 3023 Altertum.
1950 2967 2295 3023 zeitschrift
2306 2967 2403 3022 fur
2417 2968 2544 3023 Soz.
2560 2981 2615 3021 u.
2630 2966 3137 3034 Wirtsch.gesch.
3152 2966 3308 3021 1896.

817 3056 855 3119 ¹)
892 3055 1117 3110 Colum.
1173 3056 1221 3110 Ι.
1269 3056 1319 3110 8.
1377 3056 1460 3110 19.
1517 3054 1818 3110 Foeminis
1855 3070 2092 3123 quoque
2146 3055 2649 3123 foecundioribus,
2704 3068 2961 3122 quarum
2999 3054 3065 3108 in
3101 3052 3304 3108 sobole

743 3145 947 3197 certus
985 3158 1274 3198 numerus
1310 3144 1586 3199 honorari
1622 3143 1817 3211 debet,
1853 3143 2050 3198 otium
2086 3156 2527 3210 nonnunquam
2564 3143 2628 3197 et
2643 3141 2985 3196 libertatem
3010 3140 3306 3208 dedimuS,

743 3244 881 3284 cum
937 3230 1276 3298 complures
1329 3231 1505 3285 natos
1559 3231 1937 3285 educassent.
1992 3229 2145 3284 Nam
2200 3230 2296 3285 cui
2353 3233 2477 3285 tres
2530 3230 2706 3284 erant
2759 3229 2885 3299 filii,
2922 3229 3169 3290 vacatio.
3205 3229 3301 3282 cui

741 3318 959 3386 plureS,
1018 3317 1268 3373 libertas
1322 3332 1559 3385 quoque
1615 3318 2027 3385 contingebat.
2079 3317 2243 3372 Haec
2298 3317 2462 3372 enim
2508 3316 2754 3384 justitia
2806 3318 2870 3372 et
2926 3330 3070 3371 cura
3115 3316 3306 3385 patris

740 3404 1002 3459 familias
1038 3405 1305 3459 multum
1344 3404 1575 3461 confert
1611 3405 1887 3473 augendo
1924 3404 2309 3473 patrimonio,

809 3492 850 3556 ²)
888 3491 1112 3546 Colum.
1153 3492 1198 3547 I.
1232 3492 1283 3547 8.
1319 3494 1368 3546 5.
1408 3492 1520 3547 Sed
1562 3492 1968 3560 qualicunque
2007 3491 2202 3547 villico
2222 3492 2675 3548 contubernalis
2699 3492 2915 3547 mulier
2933 3491 3301 3560 assignanda

737 3579 851 3646 est,
899 3593 1052 3646 quae
1089 3579 1402 3634 contineat
1437 3594 1578 3633 eum
1615 3580 1683 3649 et
1716 3579 1780 3633 in
1819 3578 2184 3646 quibusdam
2222 3579 2402 3633 rebus
2438 3581 2647 3634 tamen
2683 3579 2946 3646 adjuvet.
2985 3578 3055 3633 cf.
3094 3578 3301 3633 Varro,

735 3664 783 3720 Ι.
841 3665 923 3721 17.
978 3668 1038 3721 5:
1094 3665 1408 3734 dandaque
1461 3680 1655 3735 opera,
1714 3667 1784 3720 ut
1823 3666 2087 3721 habeant
2148 3665 2468 3735 peculium,
2527 3667 2592 3721 et
2623 3665 2978 3734 conjunctas
3013 3679 3236 3734 servas,
3272 3679 3306 3719 e

736 3753 959 3820 quibus
996 3753 1259 3809 habeant
1295 3753 1467 3808 filios.
1505 3752 1657 3808 Vide
1694 3751 1948 3822 Wnnmz,
1986 3768 2040 3822 p.
2076 3752 2182 3808 239
2216 3753 2280 3808 et
2316 3753 2436 3808 274.

806 3839 851 3909 ³)
884 3839 956 3895 cf.
1015 3839 1124 3895 En.
1181 3840 1422 3910 Mnus,
1459 3839 1499 3895 l.
1534 3855 1580 3896 c.
1619 3855 1673 3909 p.
1711 3841 1797 3895 71.
1835 3840 1954 3894 Der
1989 3841 2158 3895 beste
2195 3840 2453 3910 BeweiS,
2489 3839 2628 3895 dasz
2665 3839 2762 3895 die
2798 3839 3108 3896 Sklaverei
3138 3838 3296 3893 beim

733 3927 1112 3996 Niedergang
1130 3928 1236 3982 des
1255 3927 1602 3983 Altertums
1622 3927 1796 3983 nicht
1816 3928 1910 3982 die
1930 3926 2098 3982 Rolle
2117 3927 2374 3996 gespielt
2395 3928 2515 3994 hat,
2539 3927 2635 3982 die
2654 3941 2797 3982 man
2818 3927 2914 3982 ihr
2935 3926 3297 3993 zuschreibt,

731 4014 880 4083 liegt
921 4015 1110 4082 darin,
1149 4015 1290 4070 dasz
1326 4030 1393 4070 es
1427 4015 1564 4071 eine
1601 4013 2032 4082 Sklavenfrage
2070 4014 2329 4069 niemals
2364 4015 2631 4083 gegeben
2668 4015 2797 4082 hat,
2831 4014 2971 4069 dasz
3009 4014 3293 4069 Sklaven-

732 4102 1050 4157 aufstande
1088 4118 1206 4157 von
1242 4102 1452 4170 irgend
1491 4102 1752 4157 welcher
1789 4102 2154 4170 Bedeutung
2192 4101 2449 4157 niemals
2485 4102 2958 4169 vorgekommen
2996 4101 3134 4156 sind
3139 4141 3295 4169 .....

731 4193 866 4245 dasz
898 4190 993 4245 die
1025 4190 1331 4245 Sklaverei
1372 4190 1668 4245 vielmehr
1698 4204 1816 4245 von
1848 4190 1953 4244 der
1984 4189 2321 4244 Kaiserzeit
2354 4190 2445 4244 bis
2477 4203 2617 4245 zum
2648 4189 2883 4257 Beginn
2916 4188 3019 4243 der
3043 4188 3293 4243 Neuzeit

731 4292 882 4346 ganz
893 4277 1203 4346 allmahlig
1222 4278 1498 4345 abstirbt,
1523 4277 1648 4332 und
1669 4292 1831 4332 zwar
1846 4276 2339 4332 ausschlieszlich
2359 4277 2550 4332 durch
2571 4277 2670 4332 die
2688 4276 3167 4343 Umgestaltung
3188 4276 3293 4329 der

731 4364 1278 4419 wirtschaftlichen
1316 4363 1750 4419 Verhaltnisse.
1790 4396 1853 4403 —
1892 4364 2185 4433 Ingentes
2217 4365 2426 4420 turbas
2450 4378 2760 4419 servorum
2788 4363 3069 4418 extitisse
3097 4377 3289 4431 nem0‚

731 4452 922 4520 cred0‚
966 4452 1227 4520 negabit.
1284 4452 1558 4519 Quantus
1612 4451 1732 4507 fere
1790 4466 2083 4507 numerus
2135 4452 2319 4507 fuerit
2376 4465 2708 4521 servorum,
2761 4452 3032 4519 quantus
3083 4452 3288 4505 autem

731 4538 1077 4594 colonorum
1135 4540 1477 4607 liberorum,
1539 4539 1704 4594 nullo
1760 4539 1937 4595 modo
1992 4553 2348 4608 cognoscere
2401 4553 2728 4607 possumus
2780 4539 2854 4593 iis
2913 4539 3289 4607 temporibus

732 4626 953 4694 quibus
1007 4627 1348 4682 statisticae
1402 4626 1717 4695 disciplina
1762 4627 2032 4682 nondum
2069 4627 2199 4682 erat
2235 4630 2383 4682 orta.
2420 4626 2490 4681 Id
2528 4628 2775 4682 tantum
2813 4625 3110 4681 affirmare
3146 4626 3287 4681 licet

733 4727 1046 4782 nunquam
1099 4729 1409 4770 servorum
1462 4713 1726 4769 laborem
1783 4715 1959 4769 unice
2013 4714 2380 4783 regnavisse,
2435 4728 2511 4769 ne
2547 4714 2612 4768 in
2649 4713 2989 4769 latifundiis
3025 4713 3285 4782 quidem.

733 4801 920 4869 Saepe
962 4815 1197 4870 quoque
1234 4802 1444 4869 coloni,
1483 4803 1786 4869 quatenus
1823 4816 1947 4857 non
1984 4802 2160 4857 erant
2196 4801 2580 4871 pauperrimi,
2618 4804 2727 4871 'ope
2764 4815 3074 4856 servorum
3110 4814 3285 4868 agros

732 4902 874 4943 suos
910 4888 1184 4944 colebant
1219 4890 1309 4943 ita
1346 4890 1418 4943 ut
1451 4889 1661 4944 ambae
1698 4888 1933 4945 colendi
1972 4889 2244 4945 rationes
2278 4889 2468 4945 altera
2495 4890 2681 4957 juxta
2707 4889 2957 4945 alteram
2982 4890 3283 4944 extarent.
