3770 5738
2030 458 2120 522 30

890 659 950 721 2.
1025 655 1369 737 Diqnitate
1436 655 1815 738 episcopali.
1875 654 2237 721 Ordinatio
2282 655 2696 737 episcopalis
2741 656 2994 722 liberat
3039 674 3081 722 a
3129 658 3353 724 condi·

795 774 991 840 cione
1059 774 1508 855 adscripticia
1532 768 1604 854 ¹),
1652 772 1835 854 quod
1883 773 2053 853 quin
2104 774 2321 839 etiam
2368 773 2453 839 de
2503 773 2828 840 colonatu
2879 774 3184 841 valuerit
3232 778 3354 841 vix

754 891 1083 957 'dubium
1130 908 1283 957 esse
1329 861 1585 973 potest.
1635 890 1787 955 Hoc
1833 893 2076 956 autem
2122 908 2407 972 prorsus
2459 892 2746 957 unicum
2795 894 2907 958 est
2938 910 3196 959 munus
3220 911 3354 975 quo

792 1009 960 1075 talis
1006 1009 1327 1075 liberatio
1373 1009 1593 1075 fieret.
1643 1007 1822 1090 Quin
1869 1008 2082 1074 immo
2130 1009 2680 1075 Valentinianus
2725 1011 3029 1092 primum
3076 1011 3355 1078 colonos

793 1128 1073 1194 omnino
1152 1130 1480 1193 vetuerat
1552 1126 1842 1193 clericos
1912 1126 2060 1192 fieri
2088 1124 2176 1209 2);
2252 1130 2498 1210 postea
2550 1131 2789 1194 autem
2838 1129 3127 1195 diacono
3175 1130 3355 1196 hanc

790 1248 1222 1328 potestatem
1292 1244 1480 1329 fecit,
1551 1245 1926 1311 dummodo
2001 1246 2308 1311 vicarius
2355 1246 2645 1312 daretur
2693 1247 2814 1328 qui
2861 1247 3015 1329 ejus
3060 1265 3236 1330 opus
3284 1250 3353 1313 in

791 1364 1072 1446 praedio
1144 1363 1542 1446 pefficeret3
1613 1364 1860 1444 quodsi
1908 1363 2071 1430 huic
2117 1364 2317 1447 copia
2367 1365 2643 1430 deesset
2693 1366 2936 1431 vicarii
2985 1366 3217 1448 dandi,
3267 1366 3354 1432 ad

789 1474 1680 1562 antiquam'condicionem
1726 1481 1965 1547 reduci
2016 1482 2333 1565 debebat,
2360 1482 2499 1547 nisi
2524 1483 2707 1548 forte
2723 1483 2870 1565 jam
2894 1482 3111 1548 XXX
3131 1501 3355 1550 annos

788 1617 971 1666 novo
1037 1598 1264 1666 officio
1334 1600 1748 1682 perfunctus
1816 1603 2007 1666 esset
2034 1595 2105 1677 ³).
2176 1600 2669 1683 Adscripticiis
2723 1600 2887 1667 olim
2936 1603 3355 1684 permissum

789 1721 942 1784 erat
988 1721 1073 1783 ut
1117 1717 1347 1784 clerici
1396 1717 1648 1782 flerent
1692 1717 1975 1782 nonnisi
2023 1717 2377 1782 arbitratu
2417 1717 2880 1801 dominorum,
2906 1718 3073 1783 dum
3099 1720 3354 1803 capita-

788 1837 1053 1901 tionem
1099 1853 1220 1919 per
1267 1835 1585 1901 dominos
1629 1834 2019 1900 tolerarent
2060 1838 2134 1901 et
2180 1836 2522 1901 vicarium
2571 1835 2821 1901 darent
2851 1837 2969 1916 qui
3002 1836 3355 1902 ruralibus

787 1954 1195 2020 muneribus
1262 1953 1675 2035 fungeretur
1700 1947 1787 2034 4“);
1859 1969 1943 2018 ea
1994 1953 2213 2034 igitur
2261 1953 2665 2020 condicione
2715 1956 2798 2019 ut
2844 1970 3068 2035 neque
3117 1972 3352 2037 respu-

787 2201 986 2269 flebat,
1039 2213 1162 2255 non
1218 2200 1403 2254 etiam
1456 2199 1590 2268 eJus
1641 2199 2050 2269 praesentiam
2098 2199 2398 2268 exigebat,
2434 2213 2513 2255 an
2555 2199 2694 2270 post
2733 2200 2970 2255 obitum
3007 2201 3215 2270 patrie,
3252 2202 3351 2257 vel

784 2289 1102 2358 postquam
1156 2286 1394 2342 inutilis
1428 2285 1583 2342 forte
1618 2286 1849 2342 existat
1887 2288 1950 2342 et
1986 2287 2109 2341 ruri
2149 2301 2272 2342 non
2311 2287 2582 2348 idoneus,
2617 2288 2821 2355 potest
2857 2288 3133 2343 excusari
3170 2288 3350 2359 filiuS,

782 2376 1114 2444 longinqua
1147 2374 1426 2430 libertate
1460 2373 1765 2429 abutendo
1801 2375 1866 2429 et
1901 2374 2061 2442 quod
2095 2388 2202 2442 per
2238 2374 2467 2429 multos
2493 2387 2687 2429 annos
2711 2388 2905 2443 neque
2923 2389 3138 2444 agrum
3157 2376 3349 2432 coluit

785 2477 981 2532 neque
1015 2461 1243 2531 aliquid
1279 2462 1560 2518 colonarii
1598 2462 1795 2532 operis
1831 2461 2174 2530 celebravit,
2212 2476 2350 2517 cum
2388 2476 2510 2517 non
2547 2462 2741 2530 possit
2778 2461 3098 2518 dominus
3083 2463 3348 2518 incusari

782 2550 1026 2619 propter
1059 2563 1233 2604 suam
1270 2548 1580 2618 desidiam,
1616 2550 1713 2605 cui
1751 2563 1857 2619 per
1893 2550 2129 2618 patrem
2165 2548 2298 2616 ejus
2333 2562 2511 2603 omne
2534 2548 2693 2617 quod
2716 2549 2987 2605 voluerat
3010 2550 3352 2606 accedebat.

784 2637 859 2692 In
929 2637 1211 2692 omnibus
1281 2637 1488 2705 itaque
1557 2636 1907 2704 hujusmodi
1967 2635 2280 2706 speciebus
2333 2636 2486 2690 satis
2539 2636 2821 2691 acerbum
2876 2637 3049 2692 nobis
3102 2636 3349 2691 videtur

785 2724 1029 2780 domino
1064 2724 1456 2794 praejudicari
1492 2723 1839 2780 colonorum
1874 2723 2154 2779 absentia
2188 2738 2414 2792 eorum,
2451 2723 2555 2792 qui
2594 2723 2660 2778 in
2698 2738 2835 2779 rure
2871 2724 3002 2779 nati
3039 2725 3104 2779 et
3136 2724 3351 2793 postea

785 2811 1069 2867 absentes
1121 2825 1228 2881 per
1278 2826 1422 2867 suos
1476 2810 1577 2866 vel
1626 2812 1829 2881 patres
1875 2810 1972 2866 vel
2008 2810 2226 2888 fratres
2261 2810 2355 2865 vel
2396 2811 2682 2880 cognatos
2718 2810 3150 2880 agriculturam
3183 2823 3349 2880 pera-

784 2901 1022 2969 gebant.
1094 2898 1243 2954 Cum
1296 2899 1460 2955 enirn
1518 2913 1655 2969 pars
1708 2898 2145 2968 quodammodo
2199 2898 2461 2968 corporis
2513 2898 2646 2966 ejus
2680 2912 2785 2966 per
2820 2898 3244 2967 cognationem
3283 2900 3347 2955 in

785 2986 970 3043 fundo
1007 2987 1374 3053 remanebat,
1410 3000 1533 3042 non
1570 2986 1814 3041 videtur
1852 2999 2048 3054 neque
2087 2986 2454 3056 peregrinari
2492 2999 2687 3054 neque
2714 2986 2779 3040 in
2805 2985 3089 3040 libertate
3106 2987 3349 3042 morari.

784 3074 1025 3130 Maneat
1077 3074 1284 3142 itaque
1327 3073 1571 3129 domino
1616 3073 1721 3141 jus
1770 3073 2217 3138 inconcussum,
2253 3075 2316 3128 et
2354 3073 2542 3129 donec
2577 3073 2709 3142 eius
2746 3072 2841 3128 vel
2877 3073 3214 3142 antiquitas
3250 3074 3349 3129 vel

785 3161 1110 3231 posteritas
1147 3161 1242 3216 vel
1278 3160 1558 3230 cognatio
1595 3161 1656 3215 in
1696 3175 1910 3229 agrum
1948 3162 2241 3228 remanet,
2279 3161 2406 3230 ipse
2443 3159 2725 3215 videatur
2758 3159 2840 3214 ibi
2880 3160 3190 3218 resedisse.

857 3250 896 3318 ¹)
933 3249 1082 3304 Nov.
1135 3247 1294 3304 Just.
1352 3247 1631 3303 CXXIII.
1672 3263 1798 3318 cap.
1834 3249 1887 3303 4.
1924 3248 2069 3304 Post
2105 3247 2550 3303 ordinationem
2588 3261 2727 3304 vero
2762 3246 2966 3303 servili
3002 3249 3066 3302 et
3100 3247 3350 3317 inscrip-

786 3337 932 3392 ticia
966 3335 1209 3392 fortuna
1242 3335 1551 3405 episcopos
1586 3335 1805 3391 liberos
1841 3348 1974 3389 esse
2010 3334 2426 3404 praecipimus.

854 3426 896 3493 ¹)
932 3423 1082 3480 Νον.
1121 3423 1263 3497 ‚Val.
1324 3422 1552 3478 XVIII.
1606 3424 1641 3491 ξ
1692 3423 1744 3478 8.
1799 3422 1891 3477 Ne
1938 3423 2076 3491 quis
2109 3436 2252 3477 vero
2288 3422 2361 3476 de
2397 3421 2509 3476 hac
2546 3421 2676 3490 ipsa
2712 3421 2961 3477 raritate
2997 3421 3348 3477 colonorum

787 3511 1107 3568 clericatus
1142 3509 1237 3574 vel
1276 3510 1531 3565 militiae
1567 3510 1984 3579 pn'vilegi00se
2020 3509 2335 3564 existimet
2380 3508 2814 3579 excusandum,
2834 3509 3160 3578 superioris
3177 3508 3351 3578 legis,

784 3613 937 3668 quae
991 3598 1104 3654 hoc
1156 3597 1412 3668 inhibet,
1463 3596 1716 3652 formam
1762 3597 2090 3667 praecipiet
2127 3596 2435 3652 custodiri.
2462 3626 2515 3635 -
2545 3595 2695 3651 Nov.
2731 3595 2861 3652 Val.
2897 3594 3187 3662 XXXIV.
3223 3597 3259 3663 ἓ
3297 3599 3352 3651 3.

784 3686 1005 3742 Nullus
1040 3684 1417 3754 originarius,
1455 3684 1812 3754 inquilinuS,
1848 3698 2063 3739 servus
2099 3683 2195 3738 vel
2231 3682 2480 3738 colonus
2515 3682 2589 3737 ad
2626 3682 2896 3738 clericale
2931 3696 3160 3737 munus
3189 3696 3349 3738 acce-

782 3773 904 3839 dat,
960 3785 1155 3841 neque
1198 3771 1510 3827 monachis
1545 3772 1609 3826 et
1644 3771 2034 3826 monasteriis
2069 3771 2445 3840 aggregetur,
2479 3770 2555 3836 nt
2593 3757 2904 3825 vinculum
2941 3769 3177 3826 debitae
3212 3784 3350 3826 con·

782 3860 1036 3916 dicionis
1069 3859 1306 3914 evadat.

854 3947 895 4018 ⁸)
930 3947 1080 4003 Nom
1116 3945 1245 4001 Val.
1280 3943 1570 4001 XXXIV.
1606 3945 1639 4012 ἓ
1674 3944 1724 3999 6.
1764 3943 2088 4013 originarii
2124 3958 2270 4001 sane
2307 3943 2403 3998 vel
2439 3944 2620 4012 servi,
2654 3943 2758 4012 qui
2789 3943 3008 4012 jugum
3046 3943 3346 3998 natalium

782 4034 1157 4090 declinantes
1191 4032 1263 4087 ad
1301 4031 1774 4087 ecclesiasticum
1811 4046 1876 4086 se
1912 4031 2185 4086 ordinem
2223 4030 2693 4096 transtulerunt,
2729 4031 3001 4099 exceptis
3030 4029 3347 4100 episcopis,

784 4123 855 4175 ut
892 4121 1121 4191 dictum
1158 4121 1270 4189 est,
1306 4120 1383 4174 et
1404 4118 1791 4188 presbyteris
1827 4118 1902 4172 ad
1939 4118 2318 4173 dominorum
2349 4118 2489 4185 jura
2522 4117 2789 4187 redeant,
2826 4118 2876 4172 si
2905 4130 3025 4172 non
3048 4117 3110 4172 in
3130 4117 3344 4172 eodem

783 4207 976 4264 officio
1012 4222 1242 4263 annum
1278 4206 1655 4262 tricesimum
1691 4205 2173 4275 compleverunt;
2212 4206 2301 4260 ita
2338 4207 2409 4259 ut
2446 4205 2632 4272 hujus
2668 4204 3035 4260 condicionis
3053 4203 3347 4261 diaconus

785 4295 1027 4351 domino
1062 4309 1168 4364 pro
1205 4308 1268 4350 se
1308 4293 1595 4349 vicarium
1616 4292 1861 4358 reddat,
1898 4292 2063 4347 omni
2101 4292 2327 4362 pariter
2360 4291 2592 4360 peculio
2629 4291 2934 4346 restitute.
2973 4290 3137 4346 Circa
3159 4305 3344 4360 quem

786 4382 1200 4450 nihilominuS,
1235 4382 1286 4437 si
1324 4381 1490 4449 copia
1523 4380 1731 4436 vicarii
1767 4379 1950 4434 dandi
1988 4393 2109 4434 non
2130 4379 2435 4448 suppetat,
2454 4392 2605 4447 quae
2627 4378 2700 4433 de
2717 4377 3078 4433 ministeriis
3097 4377 3346 4434 urbium

784 4470 1062 4540 superius
1097 4470 1244 4524 sunt
1280 4470 1533 4542 statuta,
1569 4469 1906 4528 serventur,
1927 4467 1987 4535 (i.
2023 4481 2083 4522 e:
2121 4466 2195 4528 ad
2234 4480 2463 4521 nexum
2500 4466 2806 4535 proprium
2842 4466 3202 4530 reducatur.)

851 4558 894 4628 ⁴)
930 4557 992 4613 L.
1030 4558 1111 4613 16.
1149 4556 1209 4612 C.
1245 4556 1299 4613 J.
1334 4556 1381 4612 1.
1416 4557 1466 4611 3.
1505 4555 1787 4624 Quisquis
1821 4554 2104 4610 censibus
2139 4553 2324 4609 fuerit
2361 4553 2708 4622 adnotatus,
2734 4553 2930 4609 invito
2951 4554 3078 4622 agri
3096 4553 3345 4609 domino

779 4646 855 4701 ab
908 4645 1074 4701 omni
1128 4645 1423 4714 temperet
1458 4642 1761 4707 clericam,
1798 4641 1944 4697 adeo
1980 4642 2052 4697 ut
2083 4642 2288 4709 etiam,
2332 4641 2382 4695 si
2422 4642 2486 4696 in
2523 4655 2592 4697 eo
2628 4641 2777 4711 vinc,
2813 4641 2872 4696 in
2912 4654 3031 4709 quo
3068 4640 3346 4695 noscitur

780 4733 1130 4798 mansitare,
1185 4731 1437 4787 clericus
1488 4730 1691 4799 fuerit,
1741 4730 1854 4784 sub
1897 4728 2008 4783 hac
2044 4728 2174 4796 lege
2211 4728 2560 4797 religiosum
2599 4728 2881 4783 adsumat
2918 4727 3344 4797 sacerdotium,

781 4820 853 4875 ut
903 4821 966 4875 et
1014 4817 1398 4912 capitationis
1433 4817 1731 4873 sarcinam
1767 4830 1872 4884 per
1907 4815 2108 4885 ipsum
2144 4815 2458 4871 dominum
2496 4828 2812 4884 agnoscere
2849 4814 3242 4883 compellatur
3275 4815 3344 4870 et
