3770 5738
2014 510 2099 574 22

773 705 861 770 ad
927 706 1128 788 cujus
1189 706 1624 789 praefectum
1675 711 1787 773 est
1834 709 2121 774 directa.
2176 708 2379 774 Certe
2425 709 2754 774 Justinus
2799 709 3026 774 denuo
3076 710 3332 774 statuit

775 826 857 888 ut
922 824 992 889 in
1067 824 1310 890 Africa
1356 825 1554 891 liberi
1625 843 1714 891 ex
1783 826 2231 910 adscripticio
2297 829 2371 892 et
2417 826 2637 892 libera
2685 827 2977 892 muliere
3025 827 3331 908 suscepti

773 942 974 1007 liberi
1043 943 1323 1025 quidem
1392 945 1633 1009 essent
1704 946 1779 1010 et
1832 945 2220 1010 dominium
2267 944 2628 1027 haberent,
2676 944 2795 1010 sed
2848 948 3216 1010 manerent
3262 946 3333 1010 in

777 1061 1178 1127 condicione
1250 1062 1652 1128 colonorum
1722 1065 1936 1145 atque
1985 1079 2147 1144 ergo
2196 1062 2342 1128 solo
2390 1063 2715 1128 adstricti
2744 1058 2816 1140 ¹).
2865 1063 2952 1127 Et
3003 1062 3089 1128 ad
3115 1079 3336 1129 novas

777 1179 1248 1260 querimonias
1294 1180 1645 1245 antistitis
1693 1180 2291 1262 Carthaginiensis
2337 1183 2411 1246 et
2458 1197 2938 1262 possessorum
2980 1180 3335 1246 Africano-

779 1315 935 1363 rum
1000 1298 1317 1363 Tiberius
1379 1298 1749 1381 Augustus
1794 1317 2041 1365 rursus
2088 1300 2266 1365 hano
2311 1300 2354 1365 J
2357 1298 2578 1364 ustini
2622 1292 3138 1365 *ordinationem
3185 1317 3338 1365 con·

778 1416 1090 1481 firmavit
1114 1413 1188 1499 2).
2380 1415 2391 1424 ’

780 1647 1051 1702 66601161
1103 1646 1550 1716 adscripticium
1605 1649 1668 1703 et
1723 1647 2004 1703 colonum
2060 1647 2205 1703 fieri.
2265 1647 2382 1703 Sed
2439 1646 2491 1703 si
2527 1647 2653 1704 sola
2689 1647 2870 1703 fuerit
2904 1647 3121 1703 mulier
3154 1646 3341 1703 libera

778 1734 1114 1790 constituta
1166 1748 1307 1789 cum
1343 1735 1742 1802 procreaverit
1777 1734 1948 1801 filios,
1986 1736 2134 1790 tunc
2171 1749 2312 1803 ergo
2349 1734 2517 1791 nullo
2552 1734 2730 1790 modo
2765 1734 3032 1804 patimur
3067 1733 3221 1790 laedi
3259 1749 3336 1790 ex

780 1821 891 1877 hoc
945 1822 1191 1890 penitus
1244 1821 1498 1877 liberum
1552 1823 1815 1888 uterum,
1868 1826 2062 1890 utque
2116 1822 2256 1879 talis
2309 1822 2528 1878 mulier
2591 1820 2696 1877 tali
2732 1821 2860 1877 viro
2898 1821 3122 1877 sociata
3157 1820 3343 1878 fuerit

778 1922 974 1977 neque
1019 1907 1397 1978 adscripticio
1435 1923 1627 1978 neque
1664 1909 1872 1965 colono
1883 1925 1900 1979 3
1939 1909 2003 1965 in
2035 1910 2148 1965 hoc
2185 1911 2430 1965 tantum
2456 1909 2632 1964 modo
2670 1922 2813 1963 06611
2852 1909 3162 1964 obtinente
3189 1908 3342 1977 lege.

779 1994 1098 2051 Sancimus
1133 2010 1272 2065 ergo
1309 1996 1649 2065 generalem
1685 1996 1900 2066 legem,
1938 1998 2010 2052 111
2044 1997 2147 2066 qui
2183 2011 2261 2052 ex
2299 1996 2674 2065 adscripticio
2710 1996 2773 2050 et
2797 1995 3005 2051 colono
3025 1994 3342 2065 natusest,

776 2083 964 2151 patris
1000 2083 1284 2139 naturam
1320 2086 1629 2152 sequatur.
1664 2083 1762 2139 Sic
1797 2098 1938 2152 ergo
1972 2086 2037 2140 et
2069 2084 2441 2140 indemnitas
2476 2082 2605 2138 fisci
2643 2082 3029 2138 collatoribus
3065 2083 3178 2138 erit
3193 2082 3260 2139 P.
3280 2083 3341 2139 Ο.

777 2169 907 2225 Hoc
964 2184 1103 2240 ergo
1161 2171 1476 2227 medentes
1527 2173 1906 2241 praesentem
1959 2171 2411 2240 dispositionem
2466 2170 2890 2239 disposuimuS,
2927 2184 3110 2238 quam
3147 2171 3342 2226 obser·

777 2271 918 2312 vare
975 2257 1146 2313 tuam
1195 2258 1616 2314 celsitudinem
1652 2259 1962 2314 sancimus
2001 2259 2063 2314 in
2101 2258 2382 2314 omnibus
2420 2256 2759 2327 Illyricanis
2793 2256 3080 2327 partibus,
3118 2259 3181 2313 et
3216 2272 3342 2314 non

778 2343 998 2400 exinde
1052 2344 1389 2401 deminutio
1444 2344 1645 2414 aliqua
1698 2345 1959 2401 dominis
1994 2344 2304 2401 inferatur.
2375 2344 2503 2400 Tua
2536 2344 2722 2412 igitur
2756 2343 2942 2413 gloria
2977 2359 3129 2413 quae
3167 2345 3344 2401 nobis

776 2431 907 2486 visa
942 2433 1092 2487 sunt
1124 2433 1188 2486 et
1213 2433 1491 2502 perhanc
1512 2432 1707 2501 legem
1726 2433 1994 2489 divinam
2013 2433 2437 2502 significantur
2451 2431 2692 2488 effectui
2711 2432 3054 2500 mancipare
3075 2430 3346 2498 festinet,

776 2519 974 2574 multa
1024 2519 1382 2575 imminente
1437 2520 1644 2575 decem
1680 2520 1970 2576 librarum
2008 2521 2137 2577 auri
2173 2520 2276 2589 qui
2312 2533 2446 2575 eam
2482 2518 2795 2574 violaverit
2829 2520 2939 2574 aut
2973 2519 3345 2575 concesserit

780 2604 1139 2661 violandam.

850 2692 891 2760 ¹)
928 2692 1295 2749 Constitutio
1330 2692 1555 2749 Justini
1594 2693 1666 2749 de
1701 2694 1845 2750 filiis
1878 2694 2220 2764 liberarum,
2255 2693 2319 2749 in
2355 2691 2620 2749 Africam
2646 2692 2891 2747 directa.
2909 2691 3016 2748 Die
3036 2694 3350 2762 noctuque

776 2794 882 2849 pro
900 2780 1163 2835 utilitate
1183 2781 1539 2848 reipublicae
1558 2780 1861 2836 subtiliter
1881 2781 2234 2850 cogitantes,
2258 2780 2361 2835 illa
2385 2793 2772 2850 properamus
2791 2793 3095 2849 renovare,
3114 2781 3353 2848 quanta

775 2868 837 2924 in
874 2867 1021 2924 locis
1055 2867 1411 2938 opportunis
1446 2871 1595 2924 sunt
1630 2871 1982 2938 necessaria,
2020 2869 2083 2924 et
2123 2868 2387 2924 maxime
2422 2883 2528 2938 pro
2559 2866 2804 2923 tributis
2834 2868 3015 2936 atque
3034 2866 3351 2936 reditibuS,

776 2954 906 3011 sine
961 2955 1180 3023 quibus
1226 2956 1589 3024 impossibile
1625 2958 1720 3012 est
1767 2956 1993 3025 aliquid
2029 2970 2202 3025 agere
2241 2969 2611 3025 prosperum.
2649 2954 2964 3022 Suggessit
2995 2957 3204 3010 autem
3237 2956 3352 3011 tua

777 3042 1148 3112 magnitudo,
1202 3043 1534 3098 maximam
1588 3046 1823 3112 partem
1877 3035 2293 3112 possessorum
2330 3041 2648 3098 Africanae
2686 3041 3029 3111 provinciae
3063 3042 3351 3111 precibus

776 3129 905 3184 suis
937 3130 1220 3185 intimare
1258 3130 1558 3185 desolatos
1593 3145 1767 3199 agros
1802 3131 2182 3199 remansisse,
2210 3145 2350 3185 cum
2371 3129 2574 3184 divina
2588 3129 2690 3184 lex
2712 3127 3091 3198 promulgata
3109 3129 3350 3199 fuisset,

776 3216 1158 3271 constituens
1194 3218 1425 3272 creatos
1460 3232 1539 3272 ex
1574 3217 1760 3273 libera
1794 3218 1989 3273 matre
2027 3220 2089 3272 et
2123 3216 2503 3286 adscripticio
2529 3216 2744 3271 marito
2761 3216 2979 3271 liberos
2997 3230 3144 3272 esse.
3172 3216 3349 3284 Quod

775 3303 1144 3359 contrarium
1206 3305 1303 3359 est
1352 3303 1587 3372 legibus
1622 3305 1906 3373 antiquis,
1946 3319 2087 3359 cum
2130 3304 2268 3359 illae
2306 3302 2666 3358 manifestae
2704 3303 3116 3370 decreverunt,
3152 3304 3350 3360 talem

774 3389 1046 3445 subolem
1100 3390 1543 3459 adscripticiam
1595 3406 1759 3461 esse;
1813 3406 1892 3447 ex
1966 3392 2078 3447 hac
2136 3390 2298 3446 enim
2353 3390 2598 3446 licentia
2652 3389 2760 3445 filii
2820 3389 3347 3458 adscripticiorum

773 3476 1028 3545 praedia,
1085 3477 1150 3531 in
1203 3477 1422 3546 quibus
1460 3478 1587 3534 nati
1623 3481 1787 3546 sunt,
1826 3479 2222 3545 dimittenteS,
2258 3479 2321 3533 et
2355 3477 2419 3533 in
2456 3477 2593 3532 aliis
2629 3476 2973 3532 habitantes
3010 3476 3171 3544 locis,
3209 3478 3345 3533 tam

773 3563 990 3619 fiscum
1026 3578 1208 3632 quam
1247 3565 1520 3620 dominos
1554 3566 1932 3635 praediorum
1971 3566 2262 3635 minuere,
2299 3567 2362 3619 et
2381 3564 2529 3619 haec
2549 3563 2820 3619 dicentes
2839 3562 3347 3633 supplicaverunt

774 3650 1067 3719 corrigere
1103 3652 1216 3706 hoc
1254 3652 1588 3720 capitulum
1625 3653 1782 3722 apud
1819 3653 1985 3709 illam
2024 3653 2408 3722 provinciam,
2446 3652 2605 3706 sicut
2641 3652 2705 3707 et
2738 3651 2909 3720 pater
2945 3655 3151 3706 noster
3170 3666 3345 3721 prae·

779 3737 973 3793 dictae
1009 3737 1160 3806 legis
1198 3738 1352 3794 lator
1381 3738 1447 3794 in
1481 3738 1868 3808 Illyricanam
1902 3740 2272 3809 provinciam
2308 3738 2468 3808 fecit,
2487 3739 2868 3794 constituens
2885 3737 3057 3806 61106,
3079 3738 3182 3807 qui
3204 3754 3346 3795 nas·

774 3825 999 3879 cuntur
1033 3838 1111 3880 ex
1149 3824 1335 3880 libera
1369 3826 1561 3881 matre
1600 3828 1783 3895 atque
1820 3826 2200 3896 adscripticio
2236 3826 2421 3896 patre,
2439 3824 2655 3881 liberos
2673 3839 2808 3880 esse
2828 3840 2968 3880 cum
2990 3825 3119 3880 suis
3138 3825 3347 3897 rebus,

774 3911 880 3967 sed
918 3913 1124 3967 tamen
1162 3912 1421 3982 0010606,
1459 3916 1529 3968 ut
1566 3928 1687 3969 non
1724 3914 1903 3970 liceat
1939 3914 2194 3969 terrulas
2232 3913 2648 3968 ubinatisunt
2666 3911 3001 3981 relinquere
3026 3913 3090 3967 et
3104 3912 3349 3969 alienas

772 3999 982 4055 colere.
1019 3999 1131 4054 His
1166 4000 1353 4069 igitur
1389 4001 1628 4056 11061166
1665 4002 1978 4058 serenitati
1994 4001 2382 4070 suggestione
2402 4002 2510 4056 tua
2528 3999 2748 4067 relatis,
2771 3999 3179 4055 necessarium
3201 4015 3347 4056 6666

770 4087 1191 4156 perspeximus
1210 4101 1588 4156 possessores
1606 4089 1910 4157 subjectos
1928 4090 2166 4144 nostros
2183 4090 2365 4157 atque
2385 4087 2725 4143 functiones
2742 4086 3011 4155 publicas
3030 4086 3348 4155 adjuvare.

771 4173 949 4229 Unde
986 4174 1300 4230 sancimus
1333 4174 1396 4230 in
1434 4174 1719 4231 Africana
1757 4175 2063 4244 provincia
2098 4175 2254 4231 61106
2291 4189 2369 4230 ex
2405 4174 2590 4230 libera
2624 4175 2817 4229 matre
2855 4176 2919 4230 et
2951 4173 3348 4243 adscripticio

770 4261 937 4329 patre
991 4261 1313 4330 productos
1365 4260 1582 4317 liberos
1636 4263 1880 4331 quidem
1935 4276 2084 4331 esse,
2137 4263 2199 4317 et
2252 4276 2348 4316 166
2402 4261 2668 4330 proprias
2720 4262 2955 4331 habere,
3007 4260 3067 4316 in
3124 4261 3378 4324 ordine.
3427 4321 3432 4330 ,

774 4347 977 4402 tamen
1031 4348 1377 4403 colonorum
1432 4362 1582 4419 esse,
1631 4352 1694 4404 et
1729 4364 1850 4405 non
1888 4364 2062 4419 posse
2098 4363 2200 4404 eos
2235 4347 2538 4404 dimittere
2575 4349 2815 4418 praedia
2849 4348 2911 4403 in
2948 4347 3167 4416 quibus
3204 4350 3348 4406 nati

771 4437 921 4489 sunt
974 4436 1037 4490 et
1071 4435 1345 4490 excolere
1402 4435 1613 4505 aliena,
1651 4436 1756 4491 sed
1793 4437 1958 4492 vicos
1993 4437 2155 4506 ipsos
2189 4436 2252 4491 in
2290 4436 2510 4505 quibus
2544 4436 2658 4491 orti
2694 4424 2844 4491 sunt
2878 4449 3018 4490 cum
3055 4434 3349 4493 libertate

771 4521 962 4577 colere
973 4537 989 4591 ;
1044 4522 1130 4578 sic
1187 4524 1414 4579 etenim
1470 4538 1581 4579 nec
1639 4523 1824 4579 fiscus
1872 4538 1983 4579 nec
2021 4538 2329 4593 possessor
2363 4523 2635 4593 laeditur,
2674 4536 2869 4591 neque
2891 4521 3190 4592 „praedicti
3232 4525 3347 4580 mi·

770 4609 1063 4678 nuuntur,
1100 4610 1291 4665 terras
1329 4611 1428 4666 ubi
1465 4610 1592 4666 nati
1630 4612 1795 4681 sunt,
1830 4610 2199 4680 excolentes,
2238 4609 2542 4666 Theodore
2569 4624 2787 4679 parens
2806 4608 3112 4666 carissime
3148 4610 3350 4680 atque

769 4696 1204 4752 amantissime.

839 4784 881 4853 ¹)
918 4782 1168 4839 Sacrum
1204 4783 1652 4853 Pragmaticum
1691 4783 1906 4841 Tiberii
1942 4785 2204 4854 Augusti
2242 4784 2316 4840 de
2348 4784 2804 4842 confirmatione
2822 4783 3349 4842 constitutionum

770 4870 803 4925 J
808 4870 996 4926 ustini
1032 4871 1408 4940 imperatoris
1444 4872 1516 4928 de
1551 4872 1690 4930 filiis
1725 4871 2074 4930 colonorum
2109 4872 2298 4943 (leget
2335 4870 2874 4941 adscripticiorum)
2899 4873 2961 4927 et
2985 4870 3349 4929 liberarum.
3467 4871 3482 4888 ⁶
