3770 5738
1696 685 1891 751 XIII.

612 810 818 893 Verg.
872 813 1048 877 Aen.
1099 813 1150 876 Ι.
1207 815 1354 878 173.

781 935 854 996 et
901 932 1047 996 sale
1103 932 1392 997 tabentes
1438 936 1638 996 artus
1687 932 1757 996 in
1811 932 2013 997 litore
2063 935 2352 1012 ponunt.

521 1048 728 1114 Errat
774 1051 892 1130 qui
940 1067 1061 1131 pro
1118 1050 1495 1135 „tabentes”
1545 1050 1822 1115 mavult
1868 1050 2098 1130 legere
2151 1050 2547 1135 „labente-3⁹⁹.

1692 1202 1888 1270 XIV.

609 1330 816 1411 soph.
868 1330 1109 1395 Traeh.
1161 1330 1270 1403 56,
1318 1350 1418 1412 sq.

752 1441 1100 1531 μάλιστα
1154 1437 1456 1535 δ’ὅνπερ
1502 1442 1707 1526 εἰκὸς
1748 1441 2055 1527 “razon
2106 1445 2181 1515 εἰ
2220 1445 2511 1536 πατρὸς

743 1564 1029 1654 νέμοι
1080 1564 1231 1636 τιν’
1280 1564 1489 1657 ὤραν
1539 1569 1675 1635 τοῦ
1724 1564 1984 1647 καλῶς
2031 1566 2398 1657 πράσσειν
2446 1559 2826 1650 dunelm

608 1686 779 1753 Viro
829 1689 912 1754 cl.
966 1689 1358 1756 Wncxtnm
1405 1690 1938 1756 assentiendum
1985 1708 2140 1757 esse
2185 1692 2359 1774 puto
2405 1690 2703 1771 legenti:

2348 1801 2424 1873 εἰ
2464 1803 2757 1897 πατρὸς

768 1912 1104 2008 νέμέιν
1154 1924 1304 1994 τιν’
1348 1922 1558 2017 ὤραν
1607 1930 1740 1994 τοῦ
1790 1922 2046 2005 καλῶς
2094 1926 2468 2015 πράσσειν
2517 1917 2837 2009 δοκεῖς

1705 2084 1868 2149 XV.

609 2208 817 2272 Thac,
870 2208 982 2273 VI.
1034 2212 1096 2274 6.
1153 2213 1213 2274 2.

611 2320 953 2407 μάλιστα
1050 2318 1412 2405 ὄάυτοὺς
1494 2324 1946 2417 ἐξώρμησαν
2041 2325 2501 2419 Ἐγεσταίων
2569 2349 2643 2393 τε
2718 2323 3073 2415 πρέσβεις

517 2469 563 2509 π
587 2468 637 2510 α
659 2467 701 2535 ρ
722 2446 762 2509 ο’
783 2468 829 2513 ν
857 2469 894 2509 τ
913 2468 940 2511 ε
960 2468 1002 2524 ς
1052 2443 1185 2514 καὶ
1234 2445 1807 2535 προθυμότερον
1855 2444 2459 2534 ἐπικαλούμενοι.

605 2566 737 2631 Pro
788 2590 880 2644 „n
904 2589 953 2632 α
974 2589 1019 2653 ρ
1038 2563 1080 2634 ό
1098 2590 1145 2635 ν
1169 2591 1206 2631 τ
1224 2590 1255 2633 ε
1273 2565 1360 2646 ς”
1410 2568 1781 2650 legendum
1827 2588 1982 2636 esse
2031 2551 2279 2636 censeo
2330 2592 2426 2647 „⁷1
2446 2590 2496 2634 α
2516 2590 2560 2658 ρ
2584 2593 2610 2633 ι
2629 2567 2672 2634 ό
2693 2590 2741 2637 ν
2760 2591 2800 2634 τ
2818 2589 2848 2632 ε
2870 2569 2975 2646 ς”.

1694 2723 1889 2790 XVI.

608 2849 819 2915 Thuo.
870 2848 989 2916 VI.
1041 2850 1103 2916 8.
1157 2850 1219 2915 3.

600 2963 795 3053 μετά
867 2956 946 3034 δὲ
1018 2972 1244 3036 τοῦτο
1313 2966 1549 3061 ἡμέρᾳ
1618 2968 1908 3057 πέμπτῃ
1983 2964 2350 3053 ἐκκλησία
2421 2954 2657 3050 αὖθις
2706 2966 3069 3062 ἐγίγνετο,

510 3088 724 3156 καθ’
792 3087 947 3159 ὅτι
999 3089 1150 3180 χρὴ
1203 3087 1338 3173 τὴν
1389 3088 1873 3178 παρασκευὴν
1923 3080 2101 3169 ταῖς
2150 3087 2387 3158 ναυσὶ
2435 3090 2784 3181 τάχιστα
2836 3086 3072 3183 γίγνε·

516 3211 732 3290 σθαι,
787 3210 922 3280 καὶ
986 3217 1151 3289 τοῖς
1197 3216 1680 3301 στρατηγοῖς,
1724 3209 1796 3276 εἴ
1833 3231 1967 3277 του
2010 3200 2539 3299 προσδέοιντο,
2586 3210 3069 3298 ψηφισθῆναι

513 3323 593 3413 ἐς
644 3330 782 3402 τὸν
830 3325 1169 3401 ἐκπλοῦν.
2984 3323 2998 3334 ’

601 3454 836 3521 Verba
883 3452 1091 3521 καθ’
1145 3448 1294 3520 ὅτι
1345 3470 1591 3535 parum
1639 3453 1829 3517 recte
1877 3451 2101 3518 Strssup
2153 3451 2695 3533 interpretatur:
2740 3455 2918 3538 „wie,
2944 3455 3084 3537 auf

510 3575 747 3640 welche
807 3574 1083 3641 Weise”.
1897 3557 1900 3561 ⁵

1674 3706 1905 3773 XVII.

602 3838 972 3920 Perperam
1036 3839 1439 3906 BRUGMANN
1504 3835 1644 3903 (Gr.
1702 3834 2012 3901 Gramm.
2066 3836 2090 3873 ³
2165 3854 2229 3917 p.
2296 3837 2453 3912 488)
2514 3836 2777 3901 statuit
2836 3854 3064 3903 rerum

511 3957 888 4037 scriptores
951 3956 1253 4022 Graecos
1321 3958 1388 4020 in
1459 3955 1651 4020 verbi
1713 3955 1956 4019 formis
2018 3947 2214 4043 ἔλεγε
2274 3956 2349 4020 et
2409 3943 2559 4019 εἶπε
2622 3956 2867 4022 solitos
2913 3974 3068 4022 esse

512 4093 685 4153 „vor
757 4076 950 4140 einer
1010 4094 1098 4140 zu
1160 4075 1656 4140 beriehtenden
1719 4073 1905 4138 Rede
1976 4091 2064 4138 zu
2138 4091 2350 4153 Sagen
2433 4069 2697 4163 ἔλεγε
2792 4062 3065 4152 τοιάδε,

511 4195 688 4259 nach
763 4194 949 4258 ihrer
1016 4193 1471 4273 Vorfuhrung
1516 4193 1680 4258 aber
1727 4193 2050 4259 τοιαῦτα
2100 4182 2371 4259 εἶπε”.

1654 4338 1917 4406 XVIII.

600 4469 679 4534 In
745 4468 1250 4534 recentioribus
1312 4467 1735 4533 editionibus
1796 4467 2224 4550 (Reiskiana‚
2291 4467 2830 4550 Hartmaniana‚
2902 4468 3065 4534 Her-

522 4587 993 4665 werdeniana)
1039 4587 1198 4670 Lys.
1248 4585 1444 4651 XIII.
1498 4586 1605 4651 74.
1653 4586 1755 4651 ita
1801 4585 2093 4667 legitur:

613 4700 953 4790 Πότερον
1018 4690 1160 4773 οὖν
1233 4694 1544 4771 δοκοῦσι
1608 4697 1797 4789 ὑμῖν
1849 4705 1929 4769 οἱ
1975 4698 2405 4791 τριάκοντα
2455 4699 2589 4771 καὶ
2639 4701 2682 4786 ή
2731 4699 2975 4788 βουλὴ
3024 4702 3065 4785 η’

512 4821 682 4892 τότε
746 4819 1248 4902 βουλεύουσα,
1315 4819 1396 4890 οἳ
1450 4817 1673 4889 αὐτοὶ
1722 4808 1920 4905 ἦσαν
1969 4818 2306 4902 ἅπαντες
2354 4824 2505 4891 τῶν
2553 4819 3067 4912 τετρακοσίων
