<?xml version="1.0" encoding="UTF-8"?>
<!DOCTYPE html PUBLIC "-//W3C//DTD XHTML 1.0 Transitional//EN"
    "http://www.w3.org/TR/xhtml1/DTD/xhtml1-transitional.dtd">
<html xmlns="http://www.w3.org/1999/xhtml" xml:lang="en" lang="en">
 <head>
  <title>
</title>
<meta http-equiv="Content-Type" content="text/html;charset=utf-8" />
  <meta name='ocr-system' content='tesseract 3.04.00' />
  <meta name='ocr-capabilities' content='ocr_page ocr_carea ocr_par ocr_line ocrx_word'/>
</head>
<body>
  <div class='ocr_page' id='page_1' title='image "./decolonaturoman00bolkgoog_0058.png"; bbox 0 0 3770 5738; ppageno 0'>
   <div class='ocr_carea' id='block_1_1' title="bbox 2068 501 2155 567">
    <p class='ocr_par' dir='ltr' id='par_1_1' title="bbox 2068 501 2155 567">
     <span class='ocr_line' id='line_1_1' title="bbox 2068 501 2155 567; baseline 0.011 -1"><span class='ocrx_word' id='word_1_1' title='bbox 2068 501 2155 567; x_wconf 83' lang='lat'>36</span> 
     </span>
    </p>
   </div>
   <div class='ocr_carea' id='block_1_2' title="bbox 818 694 3453 2676">
    <p class='ocr_par' dir='ltr' id='par_1_2' title="bbox 833 694 3388 901">
     <span class='ocr_line' id='line_1_2' title="bbox 833 694 3388 791; baseline 0.002 -27"><span class='ocrx_word' id='word_1_2' title='bbox 833 699 1037 781; x_wconf 90' lang='lat' dir='ltr'>gleba</span> <span class='ocrx_word' id='word_1_3' title='bbox 1061 694 1132 779; x_wconf 75' lang='grc'>1),</span> <span class='ocrx_word' id='word_1_4' title='bbox 1204 699 1403 764; x_wconf 88' lang='lat' dir='ltr'>vicus</span> <span class='ocrx_word' id='word_1_5' title='bbox 1428 696 1501 782; x_wconf 79' lang='lat'>²),</span> <span class='ocrx_word' id='word_1_6' title='bbox 1574 698 1821 764; x_wconf 90' lang='lat' dir='ltr'>domus</span> <span class='ocrx_word' id='word_1_7' title='bbox 1847 694 1919 781; x_wconf 76' lang='lat'>³),</span> <span class='ocrx_word' id='word_1_8' title='bbox 1970 695 2041 777; x_wconf 80' lang='lat'>⁴).</span> <span class='ocrx_word' id='word_1_9' title='bbox 2112 700 2223 766; x_wconf 91' lang='lat' dir='ltr'>Ita</span> <span class='ocrx_word' id='word_1_10' title='bbox 2270 701 2496 791; x_wconf 34' lang='lat' dir='ltr'>etiam,</span> <span class='ocrx_word' id='word_1_11' title='bbox 2533 702 2698 767; x_wconf 92' lang='lat' dir='ltr'>ordo</span> <span class='ocrx_word' id='word_1_12' title='bbox 2747 702 3147 768; x_wconf 90' lang='lat' dir='ltr'>colonorum</span> <span class='ocrx_word' id='word_1_13' title='bbox 3196 704 3388 768; x_wconf 86' lang='lat' dir='ltr'>varie</span> 
     </span>
     <span class='ocr_line' id='line_1_3' title="bbox 833 816 2408 901; baseline 0.001 -19"><span class='ocrx_word' id='word_1_14' title='bbox 833 820 1161 882; x_wconf 89' lang='lat' dir='ltr'>vocatur:</span> <span class='ocrx_word' id='word_1_15' title='bbox 1213 817 1544 898; x_wconf 77' lang='lat' dir='ltr'>condicio,</span> <span class='ocrx_word' id='word_1_16' title='bbox 1591 816 1897 901; x_wconf 79' lang='lat' dir='ltr'>fortuna,</span> <span class='ocrx_word' id='word_1_17' title='bbox 1941 816 2104 899; x_wconf 81' lang='lat' dir='ltr'>fors,</span> <span class='ocrx_word' id='word_1_18' title='bbox 2153 820 2408 883; x_wconf 82' lang='lat' dir='ltr'>statuS.</span> 
     </span>
    </p>

    <p class='ocr_par' dir='ltr' id='par_1_3' title="bbox 826 935 3453 1611">
     <span class='ocr_line' id='line_1_4' title="bbox 921 935 3450 1033; baseline 0.002 -34"><span class='ocrx_word' id='word_1_19' title='bbox 921 935 1081 1000; x_wconf 91' lang='lat' dir='ltr'>Pari</span> <span class='ocrx_word' id='word_1_20' title='bbox 1151 935 1352 1001; x_wconf 92' lang='lat' dir='ltr'>modo</span> <span class='ocrx_word' id='word_1_21' title='bbox 1421 935 1822 1001; x_wconf 84' lang='lat' dir='ltr'>invenimus</span> <span class='ocrx_word' id='word_1_22' title='bbox 1892 938 2171 1017; x_wconf 86' lang='lat' dir='ltr'>praeter</span> <span class='ocrx_word' id='word_1_23' title='bbox 2232 936 2402 1001; x_wconf 92' lang='lat' dir='ltr'>illud</span> <span class='ocrx_word' id='word_1_24' title='bbox 2450 937 2772 1018; x_wconf 89' lang='lat' dir='ltr'>generale</span> <span class='ocrx_word' id='word_1_25' title='bbox 2820 955 3070 1003; x_wconf 92' lang='lat' dir='ltr'>nomen</span> <span class='ocrx_word' id='word_1_26' title='bbox 3120 939 3388 1004; x_wconf 89' lang='lat' dir='ltr'>colono·</span> <span class='ocrx_word' id='word_1_27' title='bbox 3443 1022 3450 1033; x_wconf 33' lang='grc' dir='ltr'>Ι</span> 
     </span>
     <span class='ocr_line' id='line_1_5' title="bbox 833 1050 3384 1138; baseline 0.002 -20"><span class='ocrx_word' id='word_1_28' title='bbox 833 1071 1025 1118; x_wconf 88' lang='lat' dir='ltr'>rum:</span> <span class='ocrx_word' id='word_1_29' title='bbox 1077 1053 1300 1120; x_wconf 91' lang='lat' dir='ltr'>coloni</span> <span class='ocrx_word' id='word_1_30' title='bbox 1339 1054 1521 1135; x_wconf 90' lang='lat' dir='ltr'>juris</span> <span class='ocrx_word' id='word_1_31' title='bbox 1564 1054 1773 1119; x_wconf 89' lang='lat' dir='ltr'>alieni</span> <span class='ocrx_word' id='word_1_32' title='bbox 1800 1050 1871 1136; x_wconf 80' lang='lat'>⁶),</span> <span class='ocrx_word' id='word_1_33' title='bbox 1921 1054 2146 1119; x_wconf 92' lang='lat' dir='ltr'>coloni</span> <span class='ocrx_word' id='word_1_34' title='bbox 2185 1055 2555 1135; x_wconf 83' lang='lat' dir='ltr'>originales</span> <span class='ocrx_word' id='word_1_35' title='bbox 2580 1050 2652 1137; x_wconf 66' lang='grc' dir='ltr'>θ),</span> <span class='ocrx_word' id='word_1_36' title='bbox 2683 1056 2907 1121; x_wconf 93' lang='lat' dir='ltr'>coloni</span> <span class='ocrx_word' id='word_1_37' title='bbox 2932 1056 3286 1138; x_wconf 84' lang='lat' dir='ltr'>originarii</span> <span class='ocrx_word' id='word_1_38' title='bbox 3312 1053 3384 1138; x_wconf 77' lang='lat'>⁷),</span> 
     </span>
     <span class='ocr_line' id='line_1_6' title="bbox 826 1168 3453 1258; baseline 0.002 -22"><span class='ocrx_word' id='word_1_39' title='bbox 826 1172 1198 1253; x_wconf 81' lang='lat' dir='ltr'>originales</span> <span class='ocrx_word' id='word_1_40' title='bbox 1224 1169 1297 1254; x_wconf 80' lang='lat'>⁸),</span> <span class='ocrx_word' id='word_1_41' title='bbox 1346 1173 1697 1253; x_wconf 88' lang='lat' dir='ltr'>originarii</span> <span class='ocrx_word' id='word_1_42' title='bbox 1722 1168 1793 1254; x_wconf 80' lang='lat'>⁸),</span> <span class='ocrx_word' id='word_1_43' title='bbox 1840 1173 2093 1238; x_wconf 76' lang='lat' dir='ltr'>censiti</span> <span class='ocrx_word' id='word_1_44' title='bbox 2118 1168 2192 1255; x_wconf 82' lang='lat'>⁹),</span> <span class='ocrx_word' id='word_1_45' title='bbox 2239 1173 2563 1238; x_wconf 83' lang='lat' dir='ltr'>censibus</span> <span class='ocrx_word' id='word_1_46' title='bbox 2609 1170 3059 1257; x_wconf 70' lang='lat' dir='ltr'>adscriptiw),</span> <span class='ocrx_word' id='word_1_47' title='bbox 3105 1175 3384 1258; x_wconf 91' lang='lat' dir='ltr'>publico</span> <span class='ocrx_word' id='word_1_48' title='bbox 3439 1191 3453 1206; x_wconf 93' lang='lat'><strong>·</strong></span> 
     </span>
     <span class='ocr_line' id='line_1_7' title="bbox 827 1286 3384 1375; baseline 0.001 -19"><span class='ocrx_word' id='word_1_49' title='bbox 827 1291 1067 1356; x_wconf 92' lang='lat' dir='ltr'>censui</span> <span class='ocrx_word' id='word_1_50' title='bbox 1132 1290 1470 1373; x_wconf 85' lang='lat' dir='ltr'>adscripti</span> <span class='ocrx_word' id='word_1_51' title='bbox 1491 1286 1589 1372; x_wconf 76' lang='grc'>11),</span> <span class='ocrx_word' id='word_1_52' title='bbox 1636 1291 1888 1356; x_wconf 92' lang='lat' dir='ltr'>alienis</span> <span class='ocrx_word' id='word_1_53' title='bbox 1935 1292 2258 1357; x_wconf 86' lang='lat' dir='ltr'>censibus</span> <span class='ocrx_word' id='word_1_54' title='bbox 2305 1287 2753 1375; x_wconf 61' lang='lat' dir='ltr'>adscriptiw),</span> <span class='ocrx_word' id='word_1_55' title='bbox 2804 1293 3131 1358; x_wconf 86' lang='lat' dir='ltr'>censibus</span> <span class='ocrx_word' id='word_1_56' title='bbox 3177 1309 3384 1359; x_wconf 91' lang='lat' dir='ltr'>anno-</span> 
     </span>
     <span class='ocr_line' id='line_1_8' title="bbox 828 1384 3411 1495; baseline 0.001 -22"><span class='ocrx_word' id='word_1_57' title='bbox 828 1409 966 1473; x_wconf 88' lang='lat' dir='ltr'>tati</span> <span class='ocrx_word' id='word_1_58' title='bbox 981 1404 1078 1489; x_wconf 82' lang='lat'><strong>¹³),</strong></span> <span class='ocrx_word' id='word_1_59' title='bbox 1115 1409 1440 1474; x_wconf 90' lang='lat' dir='ltr'>censibus</span> <span class='ocrx_word' id='word_1_60' title='bbox 1473 1409 1753 1475; x_wconf 83' lang='lat' dir='ltr'>obnoxii</span> <span class='ocrx_word' id='word_1_61' title='bbox 1776 1403 1875 1493; x_wconf 78' lang='lat'><strong>¹⁴),</strong></span> <span class='ocrx_word' id='word_1_62' title='bbox 1913 1409 2341 1491; x_wconf 89' lang='lat' dir='ltr'>adscripticii</span> <span class='ocrx_word' id='word_1_63' title='bbox 2368 1406 2439 1491; x_wconf 81' lang='lat'>⁸),</span> <span class='ocrx_word' id='word_1_64' title='bbox 2468 1411 2825 1476; x_wconf 90' lang='lat' dir='ltr'>tributarii</span> <span class='ocrx_word' id='word_1_65' title='bbox 2854 1407 2925 1495; x_wconf 69' lang='grc' dir='ltr'>Β),</span> <span class='ocrx_word' id='word_1_66' title='bbox 2958 1410 3282 1491; x_wconf 90' lang='lat' dir='ltr'>inquilini</span> <span class='ocrx_word' id='word_1_67' title='bbox 3309 1384 3411 1495; x_wconf 59' lang='lat'>⁸),&#39;</span> 
     </span>
     <span class='ocr_line' id='line_1_9' title="bbox 826 1522 3384 1611; baseline 0.001 -19"><span class='ocrx_word' id='word_1_68' title='bbox 826 1527 1023 1608; x_wconf 88' lang='lat' dir='ltr'>plebs</span> <span class='ocrx_word' id='word_1_69' title='bbox 1073 1528 1434 1593; x_wconf 89' lang='lat' dir='ltr'>rusticana</span> <span class='ocrx_word' id='word_1_70' title='bbox 1456 1523 1554 1609; x_wconf 78' lang='lat'>¹⁵),</span> <span class='ocrx_word' id='word_1_71' title='bbox 1626 1528 1824 1609; x_wconf 89' lang='lat' dir='ltr'>plebs</span> <span class='ocrx_word' id='word_1_72' title='bbox 1848 1522 1944 1608; x_wconf 70' lang='lat'><strong>&#39;‘3),</strong></span> <span class='ocrx_word' id='word_1_73' title='bbox 1993 1527 2336 1609; x_wconf 89' lang='lat' dir='ltr'>agricolae</span> <span class='ocrx_word' id='word_1_74' title='bbox 2361 1523 2457 1611; x_wconf 80' lang='lat'><strong>¹⁷),</strong></span> <span class='ocrx_word' id='word_1_75' title='bbox 2503 1528 2747 1594; x_wconf 89' lang='lat' dir='ltr'>rustici</span> <span class='ocrx_word' id='word_1_76' title='bbox 2770 1524 2868 1610; x_wconf 69' lang='lat'>1²³),</span> <span class='ocrx_word' id='word_1_77' title='bbox 2916 1529 3259 1594; x_wconf 88' lang='lat' dir='ltr'>rusticani</span> <span class='ocrx_word' id='word_1_78' title='bbox 3283 1526 3384 1606; x_wconf 80' lang='lat'><strong>¹⁹).</strong></span> 
     </span>
    </p>

    <p class='ocr_par' dir='ltr' id='par_1_4' title="bbox 818 1644 3386 2319">
     <span class='ocr_line' id='line_1_10' title="bbox 916 1644 3385 1728; baseline 0.001 -19"><span class='ocrx_word' id='word_1_79' title='bbox 916 1644 1234 1726; x_wconf 79' lang='lat' dir='ltr'>Quinque</span> <span class='ocrx_word' id='word_1_80' title='bbox 1288 1646 1458 1711; x_wconf 89' lang='lat' dir='ltr'>haec</span> <span class='ocrx_word' id='word_1_81' title='bbox 1504 1648 1823 1711; x_wconf 83' lang='lat' dir='ltr'>extrema</span> <span class='ocrx_word' id='word_1_82' title='bbox 1870 1663 2046 1728; x_wconf 90' lang='lat' dir='ltr'>opus</span> <span class='ocrx_word' id='word_1_83' title='bbox 2095 1663 2231 1710; x_wconf 93' lang='lat' dir='ltr'>non</span> <span class='ocrx_word' id='word_1_84' title='bbox 2279 1649 2389 1712; x_wconf 91' lang='lat' dir='ltr'>est</span> <span class='ocrx_word' id='word_1_85' title='bbox 2437 1649 2519 1711; x_wconf 94' lang='lat' dir='ltr'>ut</span> <span class='ocrx_word' id='word_1_86' title='bbox 2563 1646 3059 1713; x_wconf 76' lang='lat' dir='ltr'>enucleentur:</span> <span class='ocrx_word' id='word_1_87' title='bbox 3110 1648 3182 1711; x_wconf 92' lang='lat' dir='ltr'>in</span> <span class='ocrx_word' id='word_1_88' title='bbox 3236 1648 3385 1712; x_wconf 92' lang='lat' dir='ltr'>uni-</span> 
     </span>
     <span class='ocr_line' id='line_1_11' title="bbox 822 1762 3386 1849; baseline 0.002 -22"><span class='ocrx_word' id='word_1_89' title='bbox 822 1780 1105 1828; x_wconf 87' lang='lat' dir='ltr'>versum</span> <span class='ocrx_word' id='word_1_90' title='bbox 1175 1763 1437 1829; x_wconf 91' lang='lat' dir='ltr'>colonis</span> <span class='ocrx_word' id='word_1_91' title='bbox 1505 1780 1758 1829; x_wconf 90' lang='lat' dir='ltr'>nomen</span> <span class='ocrx_word' id='word_1_92' title='bbox 1830 1762 2087 1828; x_wconf 89' lang='lat' dir='ltr'>indunt</span> <span class='ocrx_word' id='word_1_93' title='bbox 2156 1780 2245 1829; x_wconf 81' lang='lat' dir='ltr'>ex</span> <span class='ocrx_word' id='word_1_94' title='bbox 2309 1781 2548 1830; x_wconf 92' lang='lat' dir='ltr'>eorum</span> <span class='ocrx_word' id='word_1_95' title='bbox 2595 1779 2805 1846; x_wconf 89' lang='lat' dir='ltr'>opera</span> <span class='ocrx_word' id='word_1_96' title='bbox 2850 1766 3143 1849; x_wconf 81' lang='lat' dir='ltr'>agraria,</span> <span class='ocrx_word' id='word_1_97' title='bbox 3185 1765 3386 1831; x_wconf 91' lang='lat' dir='ltr'>nulla</span> 
     </span>
     <span class='ocr_line' id='line_1_12' title="bbox 822 1881 3383 1965; baseline 0.001 -19"><span class='ocrx_word' id='word_1_98' title='bbox 822 1882 1093 1947; x_wconf 90' lang='lat' dir='ltr'>ratione</span> <span class='ocrx_word' id='word_1_99' title='bbox 1160 1881 1403 1946; x_wconf 90' lang='lat' dir='ltr'>habita</span> <span class='ocrx_word' id='word_1_100' title='bbox 1465 1881 1891 1948; x_wconf 90' lang='lat' dir='ltr'>condicionis</span> <span class='ocrx_word' id='word_1_101' title='bbox 1950 1882 2342 1963; x_wconf 80' lang='lat' dir='ltr'>peculiaris,</span> <span class='ocrx_word' id='word_1_102' title='bbox 2409 1882 2641 1948; x_wconf 89' lang='lat' dir='ltr'>Prima</span> <span class='ocrx_word' id='word_1_103' title='bbox 2686 1900 2959 1964; x_wconf 89' lang='lat' dir='ltr'>quoque</span> <span class='ocrx_word' id='word_1_104' title='bbox 3004 1883 3383 1965; x_wconf 81' lang='lat' dir='ltr'>appellatio</span> 
     </span>
     <span class='ocr_line' id='line_1_13' title="bbox 820 1999 3381 2083; baseline 0.001 -18"><span class='ocrx_word' id='word_1_105' title='bbox 820 2017 942 2081; x_wconf 88' lang='lat' dir='ltr'>per</span> <span class='ocrx_word' id='word_1_106' title='bbox 989 2017 1063 2066; x_wconf 89' lang='lat' dir='ltr'>se</span> <span class='ocrx_word' id='word_1_107' title='bbox 1111 1999 1424 2081; x_wconf 91' lang='lat' dir='ltr'>intellegi</span> <span class='ocrx_word' id='word_1_108' title='bbox 1472 2002 1741 2081; x_wconf 88' lang='lat' dir='ltr'>potest:</span> <span class='ocrx_word' id='word_1_109' title='bbox 1794 1999 2018 2065; x_wconf 91' lang='lat' dir='ltr'>coloni</span> <span class='ocrx_word' id='word_1_110' title='bbox 2059 2000 2217 2081; x_wconf 89' lang='lat' dir='ltr'>jure</span> <span class='ocrx_word' id='word_1_111' title='bbox 2266 1999 2631 2066; x_wconf 90' lang='lat' dir='ltr'>colonatus</span> <span class='ocrx_word' id='word_1_112' title='bbox 2678 2001 2860 2066; x_wconf 92' lang='lat' dir='ltr'>fiunt</span> <span class='ocrx_word' id='word_1_113' title='bbox 2883 2001 3116 2083; x_wconf 76' lang='lat' dir='ltr'>alieni,</span> <span class='ocrx_word' id='word_1_114' title='bbox 3142 2002 3381 2083; x_wconf 86' lang='lat' dir='ltr'>itaque</span> 
     </span>
     <span class='ocr_line' id='line_1_14' title="bbox 818 2117 3381 2201; baseline 0.001 -17"><span class='ocrx_word' id='word_1_115' title='bbox 818 2120 989 2184; x_wconf 87' lang='lat' dir='ltr'>sunt</span> <span class='ocrx_word' id='word_1_116' title='bbox 1049 2118 1231 2200; x_wconf 92' lang='lat' dir='ltr'>juris</span> <span class='ocrx_word' id='word_1_117' title='bbox 1299 2117 1530 2183; x_wconf 90' lang='lat' dir='ltr'>alieni.</span> <span class='ocrx_word' id='word_1_118' title='bbox 1598 2119 1709 2183; x_wconf 90' lang='lat' dir='ltr'>Ad</span> <span class='ocrx_word' id='word_1_119' title='bbox 1772 2118 2042 2200; x_wconf 88' lang='lat' dir='ltr'>reliqua</span> <span class='ocrx_word' id='word_1_120' title='bbox 2085 2121 2326 2184; x_wconf 89' lang='lat' dir='ltr'>autem</span> <span class='ocrx_word' id='word_1_121' title='bbox 2374 2119 2902 2201; x_wconf 87' lang='lat' dir='ltr'>interpretanda</span> <span class='ocrx_word' id='word_1_122' title='bbox 2949 2121 3381 2186; x_wconf 86' lang='lat' dir='ltr'>accuratiore</span> 
     </span>
     <span class='ocr_line' id='line_1_15' title="bbox 818 2237 1692 2319; baseline 0 -18"><span class='ocrx_word' id='word_1_123' title='bbox 818 2237 1270 2319; x_wconf 88' lang='lat' dir='ltr'>inquisitione</span> <span class='ocrx_word' id='word_1_124' title='bbox 1318 2254 1493 2318; x_wconf 93' lang='lat' dir='ltr'>opus</span> <span class='ocrx_word' id='word_1_125' title='bbox 1538 2238 1692 2302; x_wconf 89' lang='lat' dir='ltr'>erit.</span> 
     </span>
    </p>

    <p class='ocr_par' dir='ltr' id='par_1_5' title="bbox 818 2352 3379 2676">
     <span class='ocr_line' id='line_1_16' title="bbox 907 2352 3379 2433; baseline 0 -11"><span class='ocrx_word' id='word_1_126' title='bbox 907 2355 1021 2422; x_wconf 87' lang='lat' dir='ltr'>DE</span> <span class='ocrx_word' id='word_1_127' title='bbox 1068 2354 1637 2421; x_wconf 84' lang='lat' dir='ltr'><strong>ORIGINARIIS</strong></span> <span class='ocrx_word' id='word_1_128' title='bbox 1685 2354 1893 2421; x_wconf 84' lang='lat' dir='ltr'>SIVE</span> <span class='ocrx_word' id='word_1_129' title='bbox 1926 2352 2692 2433; x_wconf 64' lang='lat' dir='ltr'><strong>ORIGINALIBUSffl).</strong></span> <span class='ocrx_word' id='word_1_130' title='bbox 2741 2357 3046 2421; x_wconf 84' lang='lat' dir='ltr'>Maxima</span> <span class='ocrx_word' id='word_1_131' title='bbox 3074 2356 3379 2423; x_wconf 89' lang='lat' dir='ltr'>illalati-</span> 
     </span>
     <span class='ocr_line' id='line_1_17' title="bbox 818 2474 3377 2557; baseline 0.001 -18"><span class='ocrx_word' id='word_1_132' title='bbox 818 2474 1080 2557; x_wconf 83' lang='lat' dir='ltr'>fundia‚</span> <span class='ocrx_word' id='word_1_133' title='bbox 1128 2474 1199 2538; x_wconf 91' lang='lat' dir='ltr'>in</span> <span class='ocrx_word' id='word_1_134' title='bbox 1247 2474 1501 2555; x_wconf 91' lang='lat' dir='ltr'>quibus</span> <span class='ocrx_word' id='word_1_135' title='bbox 1548 2474 1774 2539; x_wconf 91' lang='lat' dir='ltr'>coloni</span> <span class='ocrx_word' id='word_1_136' title='bbox 1818 2491 2024 2556; x_wconf 90' lang='lat' dir='ltr'>agros</span> <span class='ocrx_word' id='word_1_137' title='bbox 2075 2474 2398 2541; x_wconf 91' lang='lat' dir='ltr'>colendos</span> <span class='ocrx_word' id='word_1_138' title='bbox 2444 2477 2918 2556; x_wconf 76' lang='lat' dir='ltr'>susceperant,</span> <span class='ocrx_word' id='word_1_139' title='bbox 2967 2475 3377 2557; x_wconf 88' lang='lat' dir='ltr'>saepissime</span> 
     </span>
     <span class='ocr_line' id='line_1_18' title="bbox 822 2592 3374 2676; baseline 0.001 -19"><span class='ocrx_word' id='word_1_140' title='bbox 822 2592 1001 2673; x_wconf 90' lang='lat' dir='ltr'>quod</span> <span class='ocrx_word' id='word_1_141' title='bbox 1074 2592 1160 2657; x_wconf 87' lang='lat' dir='ltr'>ad</span> <span class='ocrx_word' id='word_1_142' title='bbox 1199 2592 1319 2675; x_wconf 85' lang='lat' dir='ltr'>jus</span> <span class='ocrx_word' id='word_1_143' title='bbox 1366 2592 1721 2675; x_wconf 89' lang='lat' dir='ltr'>publicum</span> <span class='ocrx_word' id='word_1_144' title='bbox 1760 2593 2026 2658; x_wconf 88' lang='lat' dir='ltr'>attinet</span> <span class='ocrx_word' id='word_1_145' title='bbox 2071 2597 2278 2659; x_wconf 86' lang='lat' dir='ltr'>extra</span> <span class='ocrx_word' id='word_1_146' title='bbox 2322 2593 2607 2659; x_wconf 89' lang='lat' dir='ltr'>solitam</span> <span class='ocrx_word' id='word_1_147' title='bbox 2653 2594 2926 2675; x_wconf 90' lang='lat' dir='ltr'>imperii</span> <span class='ocrx_word' id='word_1_148' title='bbox 2970 2594 3374 2676; x_wconf 91' lang='lat' dir='ltr'>descriptio·</span> 
     </span>
    </p>
   </div>
   <div class='ocr_carea' id='block_1_3' title="bbox 817 2762 1207 2772">
    <p class='ocr_par' dir='ltr' id='par_1_6' title="bbox 817 2762 1207 2772">
     <span class='ocr_line' id='line_1_19' title="bbox 817 2762 1207 2772; baseline 0 0"><span class='ocrx_word' id='word_1_149' title='bbox 817 2762 1207 2772; x_wconf 95' lang='lat' dir='ltr'> </span> 
     </span>
    </p>
   </div>
   <div class='ocr_carea' id='block_1_4' title="bbox 773 2854 3373 4941">
    <p class='ocr_par' dir='ltr' id='par_1_7' title="bbox 887 2854 1604 2923">
     <span class='ocr_line' id='line_1_20' title="bbox 887 2854 1604 2923; baseline 0.001 -12"><span class='ocrx_word' id='word_1_150' title='bbox 887 2857 928 2923; x_wconf 80' lang='grc' dir='ltr'>ι)</span> <span class='ocrx_word' id='word_1_151' title='bbox 967 2855 1030 2912; x_wconf 92' lang='lat' dir='ltr'>L.</span> <span class='ocrx_word' id='word_1_152' title='bbox 1067 2856 1154 2913; x_wconf 84' lang='lat'>15.</span> <span class='ocrx_word' id='word_1_153' title='bbox 1186 2855 1244 2912; x_wconf 84' lang='lat'>0.</span> <span class='ocrx_word' id='word_1_154' title='bbox 1283 2854 1336 2911; x_wconf 89' lang='lat' dir='ltr'>J.</span> <span class='ocrx_word' id='word_1_155' title='bbox 1372 2854 1481 2912; x_wconf 92' lang='lat' dir='ltr'>XI.</span> <span class='ocrx_word' id='word_1_156' title='bbox 1517 2856 1604 2912; x_wconf 81' lang='lat'>48.</span> 
     </span>
    </p>

    <p class='ocr_par' dir='ltr' id='par_1_8' title="bbox 885 2943 1532 3011">
     <span class='ocr_line' id='line_1_21' title="bbox 885 2943 1532 3011; baseline 0 -12"><span class='ocrx_word' id='word_1_157' title='bbox 885 2945 927 3011; x_wconf 85' lang='lat'>¹)</span> <span class='ocrx_word' id='word_1_158' title='bbox 964 2943 1027 3000; x_wconf 92' lang='lat' dir='ltr'>L.</span> <span class='ocrx_word' id='word_1_159' title='bbox 1060 2945 1113 2999; x_wconf 88' lang='lat'>8.</span> <span class='ocrx_word' id='word_1_160' title='bbox 1149 2943 1208 3000; x_wconf 88' lang='lat' dir='ltr'>C.</span> <span class='ocrx_word' id='word_1_161' title='bbox 1244 2943 1298 2999; x_wconf 89' lang='lat' dir='ltr'>J.</span> <span class='ocrx_word' id='word_1_162' title='bbox 1333 2943 1410 3000; x_wconf 88' lang='lat' dir='ltr'>X.</span> <span class='ocrx_word' id='word_1_163' title='bbox 1448 2945 1532 2999; x_wconf 89' lang='grc'>19.</span> 
     </span>
    </p>

    <p class='ocr_par' dir='ltr' id='par_1_9' title="bbox 813 3030 3373 3275">
     <span class='ocr_line' id='line_1_22' title="bbox 882 3030 3371 3102; baseline 0.001 -16"><span class='ocrx_word' id='word_1_164' title='bbox 882 3032 924 3098; x_wconf 85' lang='lat'>⁸)</span> <span class='ocrx_word' id='word_1_165' title='bbox 962 3032 1024 3087; x_wconf 94' lang='lat' dir='ltr'>L.</span> <span class='ocrx_word' id='word_1_166' title='bbox 1059 3032 1107 3087; x_wconf 88' lang='lat'>7.</span> <span class='ocrx_word' id='word_1_167' title='bbox 1146 3030 1315 3087; x_wconf 84' lang='lat' dir='ltr'><strong>C.Th.</strong></span> <span class='ocrx_word' id='word_1_168' title='bbox 1352 3030 1399 3086; x_wconf 92' lang='grc' dir='ltr'>Ι.</span> <span class='ocrx_word' id='word_1_169' title='bbox 1436 3031 1530 3099; x_wconf 85' lang='grc'>32;</span> <span class='ocrx_word' id='word_1_170' title='bbox 1570 3032 1633 3088; x_wconf 95' lang='lat' dir='ltr'>L.</span> <span class='ocrx_word' id='word_1_171' title='bbox 1667 3033 1718 3087; x_wconf 93' lang='lat'>4.</span> <span class='ocrx_word' id='word_1_172' title='bbox 1755 3030 1924 3087; x_wconf 83' lang='lat' dir='ltr'><strong>C.Th.</strong></span> <span class='ocrx_word' id='word_1_173' title='bbox 1950 3031 2084 3088; x_wconf 88' lang='lat' dir='ltr'>XV.</span> <span class='ocrx_word' id='word_1_174' title='bbox 2108 3033 2160 3088; x_wconf 85' lang='lat'>3.</span> <span class='ocrx_word' id='word_1_175' title='bbox 2189 3063 2240 3072; x_wconf 92' lang='lat'>-</span> <span class='ocrx_word' id='word_1_176' title='bbox 2267 3032 2445 3102; x_wconf 86' lang='lat' dir='ltr'>Apud</span> <span class='ocrx_word' id='word_1_177' title='bbox 2466 3033 2788 3102; x_wconf 85' lang='lat' dir='ltr'>scriptores</span> <span class='ocrx_word' id='word_1_178' title='bbox 2809 3031 3371 3102; x_wconf 84' lang='lat' dir='ltr'>etininscriptioni·</span> 
     </span>
     <span class='ocr_line' id='line_1_23' title="bbox 814 3118 3373 3188; baseline 0.001 -14"><span class='ocrx_word' id='word_1_179' title='bbox 814 3120 927 3174; x_wconf 93' lang='lat' dir='ltr'>bus</span> <span class='ocrx_word' id='word_1_180' title='bbox 978 3120 1286 3188; x_wconf 87' lang='lat' dir='ltr'>praeterea</span> <span class='ocrx_word' id='word_1_181' title='bbox 1343 3119 1766 3174; x_wconf 85' lang='lat' dir='ltr'>inveniuntur:</span> <span class='ocrx_word' id='word_1_182' title='bbox 1821 3133 1960 3174; x_wconf 89' lang='lat' dir='ltr'>casa</span> <span class='ocrx_word' id='word_1_183' title='bbox 2010 3120 2073 3174; x_wconf 86' lang='lat' dir='ltr'>et</span> <span class='ocrx_word' id='word_1_184' title='bbox 2110 3134 2327 3175; x_wconf 87' lang='lat' dir='ltr'>massa.</span> <span class='ocrx_word' id='word_1_185' title='bbox 2379 3119 2557 3175; x_wconf 84' lang='lat' dir='ltr'>Vide:</span> <span class='ocrx_word' id='word_1_186' title='bbox 2606 3119 2741 3175; x_wconf 85' lang='lat' dir='ltr'>Hrs.</span> <span class='ocrx_word' id='word_1_187' title='bbox 2778 3118 2882 3174; x_wconf 85' lang='lat' dir='ltr'>Die</span> <span class='ocrx_word' id='word_1_188' title='bbox 2921 3118 3227 3177; x_wconf 77' lang='lat' dir='ltr'>Domanen</span> <span class='ocrx_word' id='word_1_189' title='bbox 3263 3120 3373 3176; x_wconf 89' lang='lat' dir='ltr'>der</span> 
     </span>
     <span class='ocr_line' id='line_1_24' title="bbox 813 3205 1899 3275; baseline 0 -13"><span class='ocrx_word' id='word_1_190' title='bbox 813 3207 1151 3262; x_wconf 78' lang='lat' dir='ltr'>romischen</span> <span class='ocrx_word' id='word_1_191' title='bbox 1188 3205 1541 3262; x_wconf 86' lang='lat' dir='ltr'>Kaiserzeit.</span> <span class='ocrx_word' id='word_1_192' title='bbox 1575 3221 1632 3275; x_wconf 90' lang='lat' dir='ltr'>p.</span> <span class='ocrx_word' id='word_1_193' title='bbox 1666 3206 1734 3261; x_wconf 88' lang='lat'>67</span> <span class='ocrx_word' id='word_1_194' title='bbox 1771 3220 1899 3275; x_wconf 89' lang='lat' dir='ltr'>sqq.</span> 
     </span>
    </p>

    <p class='ocr_par' dir='ltr' id='par_1_10' title="bbox 812 3292 3371 4062">
     <span class='ocr_line' id='line_1_25' title="bbox 881 3292 3371 3362; baseline 0 -14"><span class='ocrx_word' id='word_1_195' title='bbox 881 3294 923 3358; x_wconf 86' lang='lat'>⁴)</span> <span class='ocrx_word' id='word_1_196' title='bbox 963 3292 1085 3362; x_wconf 84' lang='lat' dir='ltr'>Dig.</span> <span class='ocrx_word' id='word_1_197' title='bbox 1142 3292 1188 3348; x_wconf 92' lang='lat'>1.</span> <span class='ocrx_word' id='word_1_198' title='bbox 1242 3293 1324 3347; x_wconf 90' lang='lat'>16.</span> <span class='ocrx_word' id='word_1_199' title='bbox 1378 3293 1451 3348; x_wconf 88' lang='lat' dir='ltr'>de</span> <span class='ocrx_word' id='word_1_200' title='bbox 1499 3293 1816 3348; x_wconf 83' lang='lat' dir='ltr'>verborum</span> <span class='ocrx_word' id='word_1_201' title='bbox 1854 3293 2326 3362; x_wconf 81' lang='lat' dir='ltr'>significatione;</span> <span class='ocrx_word' id='word_1_202' title='bbox 2366 3293 2429 3348; x_wconf 91' lang='lat' dir='ltr'>L.</span> <span class='ocrx_word' id='word_1_203' title='bbox 2467 3293 2584 3348; x_wconf 79' lang='lat'><strong>115.</strong></span> <span class='ocrx_word' id='word_1_204' title='bbox 2622 3293 2901 3360; x_wconf 84' lang='lat' dir='ltr'>Quaestio</span> <span class='ocrx_word' id='word_1_205' title='bbox 2937 3294 3032 3348; x_wconf 86' lang='lat' dir='ltr'>est</span> <span class='ocrx_word' id='word_1_206' title='bbox 3067 3292 3296 3348; x_wconf 84' lang='lat' dir='ltr'>fundus</span> <span class='ocrx_word' id='word_1_207' title='bbox 3334 3308 3371 3349; x_wconf 92' lang='lat' dir='ltr'>a</span> 
     </span>
     <span class='ocr_line' id='line_1_26' title="bbox 812 3379 3369 3453; baseline -0.001 -15"><span class='ocrx_word' id='word_1_208' title='bbox 812 3381 1188 3453; x_wconf 90' lang='lat' dir='ltr'>possessione</span> <span class='ocrx_word' id='word_1_209' title='bbox 1239 3380 1332 3436; x_wconf 84' lang='lat' dir='ltr'>vel</span> <span class='ocrx_word' id='word_1_210' title='bbox 1386 3395 1527 3449; x_wconf 86' lang='lat' dir='ltr'>agro</span> <span class='ocrx_word' id='word_1_211' title='bbox 1561 3381 1800 3449; x_wconf 89' lang='lat' dir='ltr'>praedio</span> <span class='ocrx_word' id='word_1_212' title='bbox 1836 3380 1981 3449; x_wconf 91' lang='lat' dir='ltr'>quid</span> <span class='ocrx_word' id='word_1_213' title='bbox 2018 3381 2248 3436; x_wconf 79' lang='lat' dir='ltr'>distet?</span> <span class='ocrx_word' id='word_1_214' title='bbox 2285 3379 2538 3435; x_wconf 81' lang='lat' dir='ltr'>Fundus</span> <span class='ocrx_word' id='word_1_215' title='bbox 2573 3381 2669 3435; x_wconf 90' lang='lat' dir='ltr'>est</span> <span class='ocrx_word' id='word_1_216' title='bbox 2704 3394 2881 3436; x_wconf 91' lang='lat' dir='ltr'>omne</span> <span class='ocrx_word' id='word_1_217' title='bbox 2916 3379 3204 3450; x_wconf 91' lang='lat' dir='ltr'>quidquid</span> <span class='ocrx_word' id='word_1_218' title='bbox 3241 3383 3369 3436; x_wconf 86' lang='lat' dir='ltr'>solo</span> 
     </span>
     <span class='ocr_line' id='line_1_27' title="bbox 813 3466 3370 3536; baseline -0.001 -11"><span class='ocrx_word' id='word_1_219' title='bbox 813 3470 1077 3525; x_wconf 86' lang='lat' dir='ltr'>tenetur.</span> <span class='ocrx_word' id='word_1_220' title='bbox 1119 3471 1279 3536; x_wconf 85' lang='lat' dir='ltr'>Ager</span> <span class='ocrx_word' id='word_1_221' title='bbox 1312 3469 1407 3523; x_wconf 90' lang='lat' dir='ltr'>est</span> <span class='ocrx_word' id='word_1_222' title='bbox 1444 3468 1495 3524; x_wconf 90' lang='lat' dir='ltr'>si</span> <span class='ocrx_word' id='word_1_223' title='bbox 1532 3468 1761 3536; x_wconf 84' lang='lat' dir='ltr'>species</span> <span class='ocrx_word' id='word_1_224' title='bbox 1794 3466 1967 3523; x_wconf 86' lang='lat' dir='ltr'>fundi</span> <span class='ocrx_word' id='word_1_225' title='bbox 2003 3467 2078 3523; x_wconf 88' lang='lat' dir='ltr'>ad</span> <span class='ocrx_word' id='word_1_226' title='bbox 2118 3482 2298 3523; x_wconf 90' lang='lat' dir='ltr'>usum</span> <span class='ocrx_word' id='word_1_227' title='bbox 2334 3468 2598 3523; x_wconf 91' lang='lat' dir='ltr'>hominis</span> <span class='ocrx_word' id='word_1_228' title='bbox 2632 3468 3027 3536; x_wconf 88' lang='lat' dir='ltr'>comparatur.</span> <span class='ocrx_word' id='word_1_229' title='bbox 3063 3467 3370 3523; x_wconf 85' lang='lat' dir='ltr'>Possessio</span> 
     </span>
     <span class='ocr_line' id='line_1_28' title="bbox 813 3554 3369 3626; baseline -0.001 -14"><span class='ocrx_word' id='word_1_230' title='bbox 813 3557 886 3612; x_wconf 91' lang='lat' dir='ltr'>ab</span> <span class='ocrx_word' id='word_1_231' title='bbox 936 3570 1078 3626; x_wconf 89' lang='lat' dir='ltr'>agro</span> <span class='ocrx_word' id='word_1_232' title='bbox 1108 3556 1262 3624; x_wconf 90' lang='lat' dir='ltr'>juris</span> <span class='ocrx_word' id='word_1_233' title='bbox 1297 3556 1661 3625; x_wconf 81' lang='lat' dir='ltr'>proprietate</span> <span class='ocrx_word' id='word_1_234' title='bbox 1697 3555 1916 3622; x_wconf 80' lang='lat' dir='ltr'>distat3</span> <span class='ocrx_word' id='word_1_235' title='bbox 1953 3555 2242 3624; x_wconf 88' lang='lat' dir='ltr'>quidquid</span> <span class='ocrx_word' id='word_1_236' title='bbox 2278 3555 2441 3610; x_wconf 89' lang='lat' dir='ltr'>enim</span> <span class='ocrx_word' id='word_1_237' title='bbox 2474 3554 2998 3624; x_wconf 84' lang='lat' dir='ltr'>adprehendimus,</span> <span class='ocrx_word' id='word_1_238' title='bbox 3034 3554 3208 3622; x_wconf 78' lang='lat' dir='ltr'>cuius</span> <span class='ocrx_word' id='word_1_239' title='bbox 3242 3568 3369 3624; x_wconf 89' lang='lat' dir='ltr'>pro·</span> 
     </span>
     <span class='ocr_line' id='line_1_29' title="bbox 813 3641 3368 3713; baseline -0.001 -14"><span class='ocrx_word' id='word_1_240' title='bbox 813 3645 1037 3713; x_wconf 84' lang='lat' dir='ltr'>prietas</span> <span class='ocrx_word' id='word_1_241' title='bbox 1089 3644 1165 3698; x_wconf 89' lang='lat' dir='ltr'>ad</span> <span class='ocrx_word' id='word_1_242' title='bbox 1218 3658 1331 3698; x_wconf 92' lang='lat' dir='ltr'>nos</span> <span class='ocrx_word' id='word_1_243' title='bbox 1384 3657 1507 3698; x_wconf 91' lang='lat' dir='ltr'>non</span> <span class='ocrx_word' id='word_1_244' title='bbox 1561 3643 1826 3712; x_wconf 84' lang='lat' dir='ltr'>pertinet</span> <span class='ocrx_word' id='word_1_245' title='bbox 1877 3643 1986 3697; x_wconf 87' lang='lat' dir='ltr'>aut</span> <span class='ocrx_word' id='word_1_246' title='bbox 2035 3657 2145 3698; x_wconf 88' lang='lat' dir='ltr'>nec</span> <span class='ocrx_word' id='word_1_247' title='bbox 2191 3643 2394 3712; x_wconf 84' lang='lat' dir='ltr'>potest</span> <span class='ocrx_word' id='word_1_248' title='bbox 2429 3641 2743 3711; x_wconf 82' lang='lat' dir='ltr'>pertinere,</span> <span class='ocrx_word' id='word_1_249' title='bbox 2779 3642 2891 3697; x_wconf 88' lang='lat' dir='ltr'>hoc</span> <span class='ocrx_word' id='word_1_250' title='bbox 2926 3642 3368 3712; x_wconf 86' lang='lat' dir='ltr'>possessionem</span> 
     </span>
     <span class='ocr_line' id='line_1_30' title="bbox 813 3728 3369 3801; baseline -0.001 -14"><span class='ocrx_word' id='word_1_251' title='bbox 813 3731 1201 3801; x_wconf 73' lang='lat' dir='ltr'>appellamus</span> <span class='ocrx_word' id='word_1_252' title='bbox 1239 3730 1546 3786; x_wconf 88' lang='lat' dir='ltr'>Possessio</span> <span class='ocrx_word' id='word_1_253' title='bbox 1580 3744 1721 3799; x_wconf 84' lang='lat' dir='ltr'>ergo</span> <span class='ocrx_word' id='word_1_254' title='bbox 1758 3744 1926 3796; x_wconf 60' lang='lat' dir='ltr'>usus</span> <span class='ocrx_word' id='word_1_255' title='bbox 1961 3744 2101 3799; x_wconf 82' lang='lat' dir='ltr'>ager</span> <span class='ocrx_word' id='word_1_256' title='bbox 2137 3729 2468 3798; x_wconf 86' lang='lat' dir='ltr'>proprietas</span> <span class='ocrx_word' id='word_1_257' title='bbox 2501 3729 2613 3784; x_wconf 89' lang='lat' dir='ltr'>loci</span> <span class='ocrx_word' id='word_1_258' title='bbox 2648 3730 2762 3784; x_wconf 87' lang='lat' dir='ltr'>est.</span> <span class='ocrx_word' id='word_1_259' title='bbox 2801 3728 3119 3784; x_wconf 85' lang='lat' dir='ltr'>Praedium</span> <span class='ocrx_word' id='word_1_260' title='bbox 3146 3729 3369 3785; x_wconf 88' lang='lat' dir='ltr'>utrius-</span> 
     </span>
     <span class='ocr_line' id='line_1_31' title="bbox 815 3816 3370 3890; baseline -0.001 -16"><span class='ocrx_word' id='word_1_261' title='bbox 815 3832 932 3888; x_wconf 88' lang='lat' dir='ltr'>que</span> <span class='ocrx_word' id='word_1_262' title='bbox 986 3818 1425 3887; x_wconf 81' lang='lat' dir='ltr'>suprascriptae</span> <span class='ocrx_word' id='word_1_263' title='bbox 1483 3817 1759 3886; x_wconf 81' lang='lat' dir='ltr'>generale</span> <span class='ocrx_word' id='word_1_264' title='bbox 1813 3831 2033 3872; x_wconf 90' lang='lat' dir='ltr'>nomen</span> <span class='ocrx_word' id='word_1_265' title='bbox 2087 3817 2198 3886; x_wconf 84' lang='lat' dir='ltr'>est,</span> <span class='ocrx_word' id='word_1_266' title='bbox 2254 3831 2395 3890; x_wconf 84' lang='lat' dir='ltr'>nam</span> <span class='ocrx_word' id='word_1_267' title='bbox 2452 3816 2516 3871; x_wconf 90' lang='lat' dir='ltr'>et</span> <span class='ocrx_word' id='word_1_268' title='bbox 2568 3830 2710 3885; x_wconf 90' lang='lat' dir='ltr'>ager</span> <span class='ocrx_word' id='word_1_269' title='bbox 2744 3818 2806 3872; x_wconf 88' lang='lat' dir='ltr'>et</span> <span class='ocrx_word' id='word_1_270' title='bbox 2850 3816 3145 3884; x_wconf 86' lang='lat' dir='ltr'>possessio</span> <span class='ocrx_word' id='word_1_271' title='bbox 3180 3816 3370 3884; x_wconf 85' lang='lat' dir='ltr'>hujus</span> 
     </span>
     <span class='ocr_line' id='line_1_32' title="bbox 814 3902 3368 3976; baseline -0.001 -15"><span class='ocrx_word' id='word_1_272' title='bbox 814 3905 1231 3976; x_wconf 86' lang='lat' dir='ltr'>appellationis</span> <span class='ocrx_word' id='word_1_273' title='bbox 1266 3905 1493 3974; x_wconf 89' lang='lat' dir='ltr'>species</span> <span class='ocrx_word' id='word_1_274' title='bbox 1528 3906 1695 3960; x_wconf 88' lang='lat' dir='ltr'>sunt.</span> <span class='ocrx_word' id='word_1_275' title='bbox 1739 3935 1791 3943; x_wconf 92' lang='lat'>—</span> <span class='ocrx_word' id='word_1_276' title='bbox 1839 3902 1923 3958; x_wconf 91' lang='lat' dir='ltr'>De</span> <span class='ocrx_word' id='word_1_277' title='bbox 1960 3904 2186 3972; x_wconf 83' lang='lat' dir='ltr'>origine</span> <span class='ocrx_word' id='word_1_278' title='bbox 2223 3903 2595 3960; x_wconf 83' lang='lat' dir='ltr'>diversorum</span> <span class='ocrx_word' id='word_1_279' title='bbox 2632 3903 2948 3958; x_wconf 88' lang='lat' dir='ltr'>nominum</span> <span class='ocrx_word' id='word_1_280' title='bbox 2986 3902 3120 3958; x_wconf 83' lang='lat' dir='ltr'>vide</span> <span class='ocrx_word' id='word_1_281' title='bbox 3154 3903 3368 3959; x_wconf 83' lang='lat' dir='ltr'>etiam:</span> 
     </span>
     <span class='ocr_line' id='line_1_33' title="bbox 816 3991 2871 4062; baseline -0.001 -13"><span class='ocrx_word' id='word_1_282' title='bbox 816 3995 1165 4050; x_wconf 70' lang='lat' dir='ltr'>Senum-m</span> <span class='ocrx_word' id='word_1_283' title='bbox 1200 3992 1305 4048; x_wconf 90' lang='lat' dir='ltr'>Die</span> <span class='ocrx_word' id='word_1_284' title='bbox 1342 3992 1680 4048; x_wconf 76' lang='lat' dir='ltr'>romischen</span> <span class='ocrx_word' id='word_1_285' title='bbox 1718 3991 2368 4061; x_wconf 86' lang='lat' dir='ltr'>Grundherrschaften,</span> <span class='ocrx_word' id='word_1_286' title='bbox 2403 4007 2457 4062; x_wconf 91' lang='lat' dir='ltr'>p.</span> <span class='ocrx_word' id='word_1_287' title='bbox 2497 3992 2581 4048; x_wconf 88' lang='lat'>17.</span> <span class='ocrx_word' id='word_1_288' title='bbox 2615 4007 2747 4061; x_wconf 86' lang='lat' dir='ltr'>sqq.</span> <span class='ocrx_word' id='word_1_289' title='bbox 2861 4007 2871 4014; x_wconf 50' lang='lat'><em>³</em></span> 
     </span>
    </p>

    <p class='ocr_par' dir='ltr' id='par_1_11' title="bbox 813 4077 3370 4676">
     <span class='ocr_line' id='line_1_34' title="bbox 886 4077 3370 4150; baseline -0.001 -14"><span class='ocrx_word' id='word_1_290' title='bbox 886 4081 930 4149; x_wconf 62' lang='grc' dir='ltr'>ε)</span> <span class='ocrx_word' id='word_1_291' title='bbox 969 4081 1053 4136; x_wconf 93' lang='lat' dir='ltr'>Ll.</span> <span class='ocrx_word' id='word_1_292' title='bbox 1107 4081 1155 4135; x_wconf 93' lang='lat'>1.</span> <span class='ocrx_word' id='word_1_293' title='bbox 1203 4081 1253 4135; x_wconf 87' lang='lat'>2.</span> <span class='ocrx_word' id='word_1_294' title='bbox 1290 4079 1460 4135; x_wconf 84' lang='lat' dir='ltr'><strong>C.Th.</strong></span> <span class='ocrx_word' id='word_1_295' title='bbox 1496 4079 1567 4134; x_wconf 91' lang='lat' dir='ltr'>V.</span> <span class='ocrx_word' id='word_1_296' title='bbox 1601 4080 1663 4150; x_wconf 72' lang='lat'>95</span> <span class='ocrx_word' id='word_1_297' title='bbox 1736 4080 1777 4145; x_wconf 73' lang='grc' dir='ltr'>ο)</span> <span class='ocrx_word' id='word_1_298' title='bbox 1818 4080 1880 4134; x_wconf 95' lang='lat' dir='ltr'>L.</span> <span class='ocrx_word' id='word_1_299' title='bbox 1916 4081 1966 4136; x_wconf 92' lang='lat'>4.</span> <span class='ocrx_word' id='word_1_300' title='bbox 2004 4079 2064 4135; x_wconf 84' lang='lat'>0.</span> <span class='ocrx_word' id='word_1_301' title='bbox 2100 4079 2152 4135; x_wconf 89' lang='lat' dir='ltr'>J.</span> <span class='ocrx_word' id='word_1_302' title='bbox 2188 4079 2297 4135; x_wconf 92' lang='lat' dir='ltr'>XI.</span> <span class='ocrx_word' id='word_1_303' title='bbox 2328 4079 2427 4147; x_wconf 87' lang='lat'>48;</span> <span class='ocrx_word' id='word_1_304' title='bbox 2465 4079 2526 4134; x_wconf 94' lang='lat' dir='ltr'>L.</span> <span class='ocrx_word' id='word_1_305' title='bbox 2565 4081 2613 4134; x_wconf 93' lang='lat'>1.</span> <span class='ocrx_word' id='word_1_306' title='bbox 2652 4078 2713 4135; x_wconf 92' lang='lat' dir='ltr'>C.</span> <span class='ocrx_word' id='word_1_307' title='bbox 2748 4077 2801 4134; x_wconf 88' lang='lat' dir='ltr'>J.</span> <span class='ocrx_word' id='word_1_308' title='bbox 2836 4077 2945 4133; x_wconf 92' lang='lat' dir='ltr'>XI.</span> <span class='ocrx_word' id='word_1_309' title='bbox 2978 4078 3076 4145; x_wconf 80' lang='lat'>683</span> <span class='ocrx_word' id='word_1_310' title='bbox 3132 4077 3256 4148; x_wconf 89' lang='lat' dir='ltr'><strong>⁷)L.</strong></span> <span class='ocrx_word' id='word_1_311' title='bbox 3283 4079 3370 4134; x_wconf 94' lang='lat'>11.</span> 
     </span>
     <span class='ocr_line' id='line_1_35' title="bbox 815 4164 3368 4237; baseline -0.001 -13"><span class='ocrx_word' id='word_1_312' title='bbox 815 4169 872 4224; x_wconf 89' lang='lat' dir='ltr'>C.</span> <span class='ocrx_word' id='word_1_313' title='bbox 927 4169 981 4224; x_wconf 88' lang='lat' dir='ltr'>J.</span> <span class='ocrx_word' id='word_1_314' title='bbox 1037 4168 1146 4224; x_wconf 92' lang='lat' dir='ltr'>XI.</span> <span class='ocrx_word' id='word_1_315' title='bbox 1198 4168 1292 4235; x_wconf 85' lang='lat'>483</span> <span class='ocrx_word' id='word_1_316' title='bbox 1349 4167 1497 4222; x_wconf 83' lang='lat' dir='ltr'>Nov.</span> <span class='ocrx_word' id='word_1_317' title='bbox 1536 4166 1663 4222; x_wconf 91' lang='lat' dir='ltr'>Val.</span> <span class='ocrx_word' id='word_1_318' title='bbox 1700 4166 1902 4222; x_wconf 91' lang='lat' dir='ltr'><strong>XXX.</strong></span> <span class='ocrx_word' id='word_1_319' title='bbox 1936 4182 2056 4236; x_wconf 89' lang='lat' dir='ltr'>pr.;</span> <span class='ocrx_word' id='word_1_320' title='bbox 2129 4167 2170 4236; x_wconf 81' lang='lat'>⁸)</span> <span class='ocrx_word' id='word_1_321' title='bbox 2207 4167 2457 4237; x_wconf 84' lang='lat' dir='ltr'>passim3</span> <span class='ocrx_word' id='word_1_322' title='bbox 2529 4167 2570 4234; x_wconf 81' lang='lat'>⁹)</span> <span class='ocrx_word' id='word_1_323' title='bbox 2606 4166 2691 4222; x_wconf 88' lang='lat' dir='ltr'>Ll.</span> <span class='ocrx_word' id='word_1_324' title='bbox 2727 4167 2779 4221; x_wconf 92' lang='lat'>4.</span> <span class='ocrx_word' id='word_1_325' title='bbox 2818 4165 2899 4220; x_wconf 79' lang='lat'>13.</span> <span class='ocrx_word' id='word_1_326' title='bbox 2938 4165 2997 4221; x_wconf 89' lang='lat' dir='ltr'>C.</span> <span class='ocrx_word' id='word_1_327' title='bbox 3032 4164 3087 4221; x_wconf 90' lang='lat' dir='ltr'>J.</span> <span class='ocrx_word' id='word_1_328' title='bbox 3123 4165 3231 4221; x_wconf 92' lang='lat' dir='ltr'>XI.</span> <span class='ocrx_word' id='word_1_329' title='bbox 3266 4167 3368 4235; x_wconf 86' lang='lat'>48;</span> 
     </span>
     <span class='ocr_line' id='line_1_36' title="bbox 818 4252 3364 4325; baseline -0.001 -14"><span class='ocrx_word' id='word_1_330' title='bbox 818 4257 878 4325; x_wconf 82' lang='lat'>¹⁰)</span> <span class='ocrx_word' id='word_1_331' title='bbox 917 4256 981 4310; x_wconf 95' lang='lat' dir='ltr'>L.</span> <span class='ocrx_word' id='word_1_332' title='bbox 1030 4258 1077 4311; x_wconf 94' lang='lat'>1.</span> <span class='ocrx_word' id='word_1_333' title='bbox 1114 4254 1284 4311; x_wconf 87' lang='lat' dir='ltr'><strong>C.Th.</strong></span> <span class='ocrx_word' id='word_1_334' title='bbox 1335 4254 1404 4310; x_wconf 91' lang='lat' dir='ltr'>V.</span> <span class='ocrx_word' id='word_1_335' title='bbox 1440 4255 1491 4325; x_wconf 87' lang='lat'>3,</span> <span class='ocrx_word' id='word_1_336' title='bbox 1529 4254 1591 4309; x_wconf 90' lang='lat' dir='ltr'>L.</span> <span class='ocrx_word' id='word_1_337' title='bbox 1630 4254 1713 4309; x_wconf 90' lang='lat'>18.</span> <span class='ocrx_word' id='word_1_338' title='bbox 1750 4253 1810 4310; x_wconf 88' lang='lat' dir='ltr'>C.</span> <span class='ocrx_word' id='word_1_339' title='bbox 1845 4253 1900 4310; x_wconf 90' lang='lat' dir='ltr'>J.</span> <span class='ocrx_word' id='word_1_340' title='bbox 1936 4254 2045 4310; x_wconf 94' lang='lat' dir='ltr'>XI.</span> <span class='ocrx_word' id='word_1_341' title='bbox 2079 4254 2164 4324; x_wconf 89' lang='lat'>48,</span> <span class='ocrx_word' id='word_1_342' title='bbox 2203 4254 2266 4309; x_wconf 92' lang='lat' dir='ltr'>L.</span> <span class='ocrx_word' id='word_1_343' title='bbox 2301 4255 2353 4309; x_wconf 84' lang='lat'>2.</span> <span class='ocrx_word' id='word_1_344' title='bbox 2388 4253 2447 4309; x_wconf 84' lang='lat'>0.</span> <span class='ocrx_word' id='word_1_345' title='bbox 2484 4253 2540 4309; x_wconf 91' lang='lat' dir='ltr'>J.</span> <span class='ocrx_word' id='word_1_346' title='bbox 2576 4252 2683 4309; x_wconf 93' lang='lat' dir='ltr'>XI.</span> <span class='ocrx_word' id='word_1_347' title='bbox 2720 4253 2807 4322; x_wconf 84' lang='lat'>50,</span> <span class='ocrx_word' id='word_1_348' title='bbox 2844 4252 2993 4309; x_wconf 86' lang='lat' dir='ltr'>Nov.</span> <span class='ocrx_word' id='word_1_349' title='bbox 3030 4252 3248 4309; x_wconf 84' lang='lat' dir='ltr'>Theod.</span> <span class='ocrx_word' id='word_1_350' title='bbox 3287 4253 3364 4309; x_wconf 92' lang='lat'>11.</span> 
     </span>
     <span class='ocr_line' id='line_1_37' title="bbox 814 4339 3368 4412; baseline -0.002 -13"><span class='ocrx_word' id='word_1_351' title='bbox 814 4344 864 4400; x_wconf 84' lang='lat'>7.</span> <span class='ocrx_word' id='word_1_352' title='bbox 901 4345 950 4399; x_wconf 93' lang='lat'>4.</span> <span class='ocrx_word' id='word_1_353' title='bbox 989 4345 1022 4411; x_wconf 71' lang='lat'>5</span> <span class='ocrx_word' id='word_1_354' title='bbox 1058 4345 1119 4411; x_wconf 86' lang='grc'>2;</span> <span class='ocrx_word' id='word_1_355' title='bbox 1171 4343 1234 4412; x_wconf 85' lang='lat'>¹¹)</span> <span class='ocrx_word' id='word_1_356' title='bbox 1271 4343 1334 4399; x_wconf 99' lang='lat' dir='ltr'>L.</span> <span class='ocrx_word' id='word_1_357' title='bbox 1369 4342 1453 4397; x_wconf 84' lang='lat'>22.</span> <span class='ocrx_word' id='word_1_358' title='bbox 1492 4341 1549 4397; x_wconf 88' lang='lat' dir='ltr'>C.</span> <span class='ocrx_word' id='word_1_359' title='bbox 1588 4342 1640 4398; x_wconf 95' lang='lat' dir='ltr'>J.</span> <span class='ocrx_word' id='word_1_360' title='bbox 1677 4341 1787 4397; x_wconf 92' lang='lat' dir='ltr'>XI.</span> <span class='ocrx_word' id='word_1_361' title='bbox 1821 4342 1919 4409; x_wconf 80' lang='lat'>483</span> <span class='ocrx_word' id='word_1_362' title='bbox 1996 4343 2056 4405; x_wconf 83' lang='lat'>¹¹)</span> <span class='ocrx_word' id='word_1_363' title='bbox 2093 4342 2156 4397; x_wconf 92' lang='lat' dir='ltr'>L.</span> <span class='ocrx_word' id='word_1_364' title='bbox 2190 4342 2241 4397; x_wconf 83' lang='lat'>3.</span> <span class='ocrx_word' id='word_1_365' title='bbox 2279 4340 2447 4396; x_wconf 87' lang='lat' dir='ltr'><strong>C.Th.</strong></span> <span class='ocrx_word' id='word_1_366' title='bbox 2486 4340 2556 4395; x_wconf 89' lang='lat' dir='ltr'>V.</span> <span class='ocrx_word' id='word_1_367' title='bbox 2594 4342 2655 4404; x_wconf 78' lang='lat'>4:</span> <span class='ocrx_word' id='word_1_368' title='bbox 2719 4340 2779 4402; x_wconf 72' lang='lat'>¹³)</span> <span class='ocrx_word' id='word_1_369' title='bbox 2817 4340 2880 4395; x_wconf 96' lang='lat' dir='ltr'>L.</span> <span class='ocrx_word' id='word_1_370' title='bbox 2918 4341 2998 4396; x_wconf 84' lang='lat'>16.</span> <span class='ocrx_word' id='word_1_371' title='bbox 3038 4340 3097 4395; x_wconf 87' lang='lat' dir='ltr'>C.</span> <span class='ocrx_word' id='word_1_372' title='bbox 3132 4339 3183 4396; x_wconf 92' lang='lat' dir='ltr'>J.</span> <span class='ocrx_word' id='word_1_373' title='bbox 3221 4339 3268 4396; x_wconf 97' lang='lat' dir='ltr'>I.</span> <span class='ocrx_word' id='word_1_374' title='bbox 3303 4340 3368 4407; x_wconf 75' lang='lat'>33</span> 
     </span>
     <span class='ocr_line' id='line_1_38' title="bbox 816 4427 3368 4497; baseline -0.001 -10"><span class='ocrx_word' id='word_1_375' title='bbox 816 4432 881 4494; x_wconf 87' lang='lat'>¹⁴)</span> <span class='ocrx_word' id='word_1_376' title='bbox 932 4432 993 4487; x_wconf 92' lang='lat' dir='ltr'>L.</span> <span class='ocrx_word' id='word_1_377' title='bbox 1046 4432 1092 4487; x_wconf 95' lang='lat'>1.</span> <span class='ocrx_word' id='word_1_378' title='bbox 1142 4430 1200 4487; x_wconf 87' lang='lat' dir='ltr'>C.</span> <span class='ocrx_word' id='word_1_379' title='bbox 1248 4430 1301 4487; x_wconf 89' lang='lat' dir='ltr'>J.</span> <span class='ocrx_word' id='word_1_380' title='bbox 1349 4430 1490 4486; x_wconf 94' lang='lat' dir='ltr'><strong>XII.</strong></span> <span class='ocrx_word' id='word_1_381' title='bbox 1535 4429 1632 4497; x_wconf 85' lang='lat'>43;</span> <span class='ocrx_word' id='word_1_382' title='bbox 1705 4429 1769 4496; x_wconf 82' lang='lat'>¹⁸)</span> <span class='ocrx_word' id='word_1_383' title='bbox 1817 4429 1879 4484; x_wconf 91' lang='lat' dir='ltr'>L.</span> <span class='ocrx_word' id='word_1_384' title='bbox 1927 4430 2010 4485; x_wconf 93' lang='lat'>10.</span> <span class='ocrx_word' id='word_1_385' title='bbox 2063 4429 2122 4485; x_wconf 84' lang='lat'>0.</span> <span class='ocrx_word' id='word_1_386' title='bbox 2173 4428 2280 4485; x_wconf 84' lang='lat' dir='ltr'>Th.</span> <span class='ocrx_word' id='word_1_387' title='bbox 2330 4429 2502 4491; x_wconf 79' lang='lat' dir='ltr'><strong>XIII.</strong></span> <span class='ocrx_word' id='word_1_388' title='bbox 2550 4429 2599 4484; x_wconf 95' lang='lat'>1.</span> <span class='ocrx_word' id='word_1_389' title='bbox 2671 4428 2734 4494; x_wconf 83' lang='lat'>¹⁶)</span> <span class='ocrx_word' id='word_1_390' title='bbox 2781 4428 2844 4483; x_wconf 94' lang='lat' dir='ltr'>L.</span> <span class='ocrx_word' id='word_1_391' title='bbox 2896 4428 2978 4483; x_wconf 91' lang='lat'>10.</span> <span class='ocrx_word' id='word_1_392' title='bbox 3026 4429 3059 4495; x_wconf 71' lang='lat'>5</span> <span class='ocrx_word' id='word_1_393' title='bbox 3108 4428 3157 4483; x_wconf 90' lang='lat'>1.</span> <span class='ocrx_word' id='word_1_394' title='bbox 3194 4427 3368 4485; x_wconf 85' lang='lat' dir='ltr'><strong>C.Th.</strong></span> 
     </span>
     <span class='ocr_line' id='line_1_39' title="bbox 813 4515 3367 4588; baseline -0.002 -13"><span class='ocrx_word' id='word_1_395' title='bbox 813 4519 951 4575; x_wconf 87' lang='lat' dir='ltr'><strong>VII.</strong></span> <span class='ocrx_word' id='word_1_396' title='bbox 996 4521 1059 4588; x_wconf 90' lang='lat'>8;</span> <span class='ocrx_word' id='word_1_397' title='bbox 1116 4520 1178 4575; x_wconf 91' lang='lat' dir='ltr'>L.</span> <span class='ocrx_word' id='word_1_398' title='bbox 1215 4519 1301 4574; x_wconf 88' lang='grc'>26.</span> <span class='ocrx_word' id='word_1_399' title='bbox 1337 4518 1508 4574; x_wconf 88' lang='lat' dir='ltr'><strong>C.Th.</strong></span> <span class='ocrx_word' id='word_1_400' title='bbox 1543 4517 1653 4573; x_wconf 91' lang='lat' dir='ltr'>XI.</span> <span class='ocrx_word' id='word_1_401' title='bbox 1691 4519 1768 4587; x_wconf 87' lang='lat'>1.;</span> <span class='ocrx_word' id='word_1_402' title='bbox 1839 4517 1904 4587; x_wconf 81' lang='lat'>¹⁷)</span> <span class='ocrx_word' id='word_1_403' title='bbox 1941 4517 2004 4573; x_wconf 92' lang='lat' dir='ltr'>L.</span> <span class='ocrx_word' id='word_1_404' title='bbox 2044 4518 2092 4572; x_wconf 95' lang='lat'>1.</span> <span class='ocrx_word' id='word_1_405' title='bbox 2129 4517 2189 4573; x_wconf 86' lang='lat' dir='ltr'>O.</span> <span class='ocrx_word' id='word_1_406' title='bbox 2224 4516 2278 4573; x_wconf 89' lang='lat' dir='ltr'>J.</span> <span class='ocrx_word' id='word_1_407' title='bbox 2314 4517 2423 4573; x_wconf 93' lang='lat' dir='ltr'>XI.</span> <span class='ocrx_word' id='word_1_408' title='bbox 2458 4518 2568 4585; x_wconf 85' lang='lat'><strong>48.;</strong></span> <span class='ocrx_word' id='word_1_409' title='bbox 2643 4516 2708 4581; x_wconf 80' lang='lat'>¹⁸)</span> <span class='ocrx_word' id='word_1_410' title='bbox 2745 4516 2806 4571; x_wconf 95' lang='lat' dir='ltr'>L.</span> <span class='ocrx_word' id='word_1_411' title='bbox 2844 4518 2896 4572; x_wconf 82' lang='lat'>5.</span> <span class='ocrx_word' id='word_1_412' title='bbox 2933 4515 2993 4572; x_wconf 90' lang='lat' dir='ltr'>C.</span> <span class='ocrx_word' id='word_1_413' title='bbox 3028 4515 3081 4572; x_wconf 92' lang='lat' dir='ltr'>J.</span> <span class='ocrx_word' id='word_1_414' title='bbox 3117 4515 3227 4571; x_wconf 92' lang='lat' dir='ltr'>XI.</span> <span class='ocrx_word' id='word_1_415' title='bbox 3260 4516 3367 4585; x_wconf 79' lang='lat'>48;</span> 
     </span>
     <span class='ocr_line' id='line_1_40' title="bbox 815 4604 1829 4676; baseline -0.002 -13"><span class='ocrx_word' id='word_1_416' title='bbox 815 4608 881 4676; x_wconf 82' lang='lat'>¹⁹)</span> <span class='ocrx_word' id='word_1_417' title='bbox 921 4608 984 4663; x_wconf 93' lang='lat' dir='ltr'>L.</span> <span class='ocrx_word' id='word_1_418' title='bbox 1020 4610 1070 4662; x_wconf 92' lang='lat'>3.</span> <span class='ocrx_word' id='word_1_419' title='bbox 1104 4607 1167 4662; x_wconf 90' lang='lat' dir='ltr'>et</span> <span class='ocrx_word' id='word_1_420' title='bbox 1205 4608 1287 4662; x_wconf 91' lang='lat'>10.</span> <span class='ocrx_word' id='word_1_421' title='bbox 1327 4606 1386 4662; x_wconf 87' lang='lat' dir='ltr'>C.</span> <span class='ocrx_word' id='word_1_422' title='bbox 1426 4605 1534 4661; x_wconf 87' lang='lat' dir='ltr'>Th.</span> <span class='ocrx_word' id='word_1_423' title='bbox 1568 4604 1742 4661; x_wconf 93' lang='lat' dir='ltr'><strong>XIII.</strong></span> <span class='ocrx_word' id='word_1_424' title='bbox 1780 4607 1829 4661; x_wconf 91' lang='lat'>1.</span> 
     </span>
    </p>

    <p class='ocr_par' dir='ltr' id='par_1_12' title="bbox 773 4690 3366 4941">
     <span class='ocr_line' id='line_1_41' title="bbox 883 4690 3365 4763; baseline -0.002 -13"><span class='ocrx_word' id='word_1_425' title='bbox 883 4696 943 4750; x_wconf 71' lang='lat'>¹⁰»</span> <span class='ocrx_word' id='word_1_426' title='bbox 981 4695 1143 4751; x_wconf 84' lang='lat' dir='ltr'>Haec</span> <span class='ocrx_word' id='word_1_427' title='bbox 1180 4696 1436 4763; x_wconf 88' lang='lat' dir='ltr'>utraque</span> <span class='ocrx_word' id='word_1_428' title='bbox 1471 4709 1592 4750; x_wconf 82' lang='lat' dir='ltr'>vox</span> <span class='ocrx_word' id='word_1_429' title='bbox 1628 4693 1787 4748; x_wconf 88' lang='lat' dir='ltr'>idem</span> <span class='ocrx_word' id='word_1_430' title='bbox 1825 4693 2166 4762; x_wconf 74' lang='lat' dir='ltr'>significare</span> <span class='ocrx_word' id='word_1_431' title='bbox 2200 4693 2390 4762; x_wconf 72' lang='lat' dir='ltr'>pnmo</span> <span class='ocrx_word' id='word_1_432' title='bbox 2426 4693 2645 4749; x_wconf 87' lang='lat' dir='ltr'>obtutu</span> <span class='ocrx_word' id='word_1_433' title='bbox 2681 4692 2867 4761; x_wconf 87' lang='lat' dir='ltr'>patet.</span> <span class='ocrx_word' id='word_1_434' title='bbox 2904 4690 2996 4746; x_wconf 83' lang='lat' dir='ltr'>Ex</span> <span class='ocrx_word' id='word_1_435' title='bbox 3027 4690 3365 4747; x_wconf 87' lang='lat' dir='ltr'>abundanti</span> 
     </span>
     <span class='ocr_line' id='line_1_42' title="bbox 773 4777 3366 4852; baseline -0.002 -13"><span class='ocrx_word' id='word_1_436' title='bbox 773 4806 779 4812; x_wconf 62' lang='lat'><strong><em>¹</em></strong></span> <span class='ocrx_word' id='word_1_437' title='bbox 818 4784 1142 4852; x_wconf 90' lang='lat' dir='ltr'>comparari</span> <span class='ocrx_word' id='word_1_438' title='bbox 1179 4782 1381 4851; x_wconf 87' lang='lat' dir='ltr'>potest</span> <span class='ocrx_word' id='word_1_439' title='bbox 1417 4781 1480 4837; x_wconf 86' lang='lat' dir='ltr'>L.</span> <span class='ocrx_word' id='word_1_440' title='bbox 1519 4782 1565 4837; x_wconf 87' lang='lat'>1.</span> <span class='ocrx_word' id='word_1_441' title='bbox 1605 4780 1664 4836; x_wconf 85' lang='lat' dir='ltr'>C.</span> <span class='ocrx_word' id='word_1_442' title='bbox 1697 4779 1806 4836; x_wconf 87' lang='lat' dir='ltr'>Th.</span> <span class='ocrx_word' id='word_1_443' title='bbox 1842 4780 1913 4836; x_wconf 84' lang='lat' dir='ltr'>V.</span> <span class='ocrx_word' id='word_1_444' title='bbox 1952 4781 2020 4836; x_wconf 90' lang='grc'>10</span> <span class='ocrx_word' id='word_1_445' title='bbox 2055 4781 2160 4836; x_wconf 90' lang='lat' dir='ltr'>ubi</span> <span class='ocrx_word' id='word_1_446' title='bbox 2195 4780 2530 4836; x_wconf 88' lang='lat' dir='ltr'>alternant:</span> <span class='ocrx_word' id='word_1_447' title='bbox 2569 4779 2665 4850; x_wconf 85' lang='lat' dir='ltr'>„Si</span> <span class='ocrx_word' id='word_1_448' title='bbox 2703 4779 2841 4848; x_wconf 91' lang='lat' dir='ltr'>quis</span> <span class='ocrx_word' id='word_1_449' title='bbox 2875 4777 3183 4848; x_wconf 75' lang='lat' dir='ltr'>oriyinalis</span> <span class='ocrx_word' id='word_1_450' title='bbox 3217 4778 3366 4834; x_wconf 88' lang='lat' dir='ltr'>ante</span> 
     </span>
     <span class='ocr_line' id='line_1_43' title="bbox 810 4866 3200 4941; baseline -0.003 -14"><span class='ocrx_word' id='word_1_451' title='bbox 810 4871 1067 4941; x_wconf 83' lang='lat' dir='ltr'>triginta</span> <span class='ocrx_word' id='word_1_452' title='bbox 1101 4883 1294 4927; x_wconf 88' lang='lat' dir='ltr'>annos</span> <span class='ocrx_word' id='word_1_453' title='bbox 1315 4910 1328 4925; x_wconf 93' lang='lat'><strong>.</strong></span> <span class='ocrx_word' id='word_1_454' title='bbox 1350 4909 1393 4926; x_wconf 91' lang='lat'>..</span> <span class='ocrx_word' id='word_1_455' title='bbox 1425 4911 1438 4925; x_wconf 99' lang='lat'><strong>.</strong></span> <span class='ocrx_word' id='word_1_456' title='bbox 1475 4868 1640 4937; x_wconf 83' lang='lat' dir='ltr'>Quod</span> <span class='ocrx_word' id='word_1_457' title='bbox 1677 4868 1727 4923; x_wconf 93' lang='lat' dir='ltr'>si</span> <span class='ocrx_word' id='word_1_458' title='bbox 1767 4869 1905 4937; x_wconf 90' lang='lat' dir='ltr'>quis</span> <span class='ocrx_word' id='word_1_459' title='bbox 1940 4868 2271 4938; x_wconf 76' lang='lat' dir='ltr'>oriyinaria</span> <span class='ocrx_word' id='word_1_460' title='bbox 2304 4867 2467 4923; x_wconf 87' lang='lat' dir='ltr'>intra</span> <span class='ocrx_word' id='word_1_461' title='bbox 2502 4867 2612 4923; x_wconf 89' lang='lat' dir='ltr'>hos</span> <span class='ocrx_word' id='word_1_462' title='bbox 2649 4866 2833 4922; x_wconf 89' lang='lat' dir='ltr'>XXX</span> <span class='ocrx_word' id='word_1_463' title='bbox 2868 4881 3129 4922; x_wconf 89' lang='lat' dir='ltr'>annos..</span> <span class='ocrx_word' id='word_1_464' title='bbox 3149 4907 3162 4921; x_wconf 99' lang='lat'><strong>.</strong></span> <span class='ocrx_word' id='word_1_465' title='bbox 3186 4907 3200 4921; x_wconf 95' lang='lat'><strong>.</strong></span> 
     </span>
    </p>
   </div>
  </div>
 </body>
</html>
