3770 5738
1720 530 1799 594 51

458 732 606 814 gari
678 748 816 797 non
887 725 1211 811 possit1).
1265 730 1394 812 Qui
1439 731 1502 794 ei
1555 730 1931 811 pecuniam
1973 732 2294 794 mutuam
2345 730 2487 810 dat,
2535 746 2895 810 nunquam
2941 730 3027 794 ad

461 850 819 915 dominum
874 848 1337 931 possessionis
1386 848 1654 936 regredi
1706 849 1943 928 potest
1968 842 2037 923 ²).
2092 847 2330 927 Neque
2367 848 2778 912 econtrario
2805 847 3032 913 coloni

462 968 821 1033 conveniri
905 970 1200 1048 possunt
1277 984 1397 1048 pro
1463 966 1850 1031 locatorum
1921 965 2176 1030 debitis
2202 960 2276 1047 ³).
2351 964 2481 1046 Qui
2551 968 2811 1031 terram
2880 966 3033 1048 ejus

380 1092 395 1105 '
466 1088 640 1152 emit
686 1085 863 1151 furti
908 1087 1195 1150 tenetur
1219 1080 1292 1161 ⁴).

557 1204 920 1269 Peculium
990 1203 1270 1268 omnino
1345 1203 1416 1266 in
1489 1203 1846 1284 potestate
1924 1201 2149 1266 coloni
2210 1201 2427 1266 fuisse
2499 1218 2588 1267 ex
2630 1218 2712 1267 eo
2760 1217 3034 1284 quoque

396 1302 399 1307 ⁶
466 1326 776 1404 apparet,
828 1322 1011 1402 quod
1061 1321 1271 1385 fiscus
1318 1321 1403 1402 ei,
1454 1322 1535 1384 ut
1576 1310 1879 1401 ‘poenam
1907 1323 2164 1400 sumat,
2192 1322 2462 1401 partem
2491 1320 2703 1402 hujus
2727 1320 3035 1385 adimere

467 1443 735 1522 potest:
813 1440 1038 1505 veluti
1083 1439 1482 1504 donatistae
1536 1439 1870 1503 haeretici
1920 1439 2136 1503 tertia
2184 1441 2383 1519 parte
2431 1438 2685 1519 peculii
2737 1438 3036 1503 multan-

470 1563 586 1624 tur
613 1554 685 1635 5).
737 1556 968 1639 Supra
1016 1557 1321 1621 vidimus
1369 1556 1691 1621 colonum
1740 1559 2018 1637 praeter
2064 1574 2311 1637 agrum
2359 1556 2782 1622 conductum
2820 1556 3036 1621 etiam

472 1678 687 1742 alium
757 1692 988 1741 emere
1060 1675 1376 1756 potuisse
1448 1691 1653 1755 quem
1726 1674 1986 1739 coleret
2013 1669 2084 1750 ⁶).
2140 1674 2324 1738 Num
2373 1675 2588 1739 etiam
2636 1676 2722 1739 ab
2771 1674 2907 1740 alio
2955 1692 3035 1740 ac

473 1795 745 1860 domino
787 1811 914 1859 suo
961 1796 1224 1858 terram
1271 1793 1627 1858 conducere
1675 1794 1988 1874 potuerit
2034 1829 2116 1838 —
2158 1793 2242 1858 de
2291 1794 2418 1858 hac
2467 1810 2561 1876 re,
2615 1795 2694 1858 ut
2736 1793 2818 1858 de
2866 1791 3038 1858 mul·

470 1915 563 1978 tis
628 1911 807 1994 aliiS,
881 1911 1097 1976 silent
1166 1912 1374 1991 leges.
1440 1911 1516 1975 Id
1572 1910 1719 1976 fieri
1767 1911 2083 1992 potuisse
2125 1911 2341 1976 etiam
2390 1911 2583 1976 nullo
2634 1911 3038 1976 testimonio

470 2032 781 2096 adhibito
853 2048 1012 2095 cum
1076 2047 1328 2110 magna
1399 2031 1544 2095 veri
1608 2030 1840 2111 specie
1920 2031 2276 2110 expectari
2350 2031 2627 2111 potest;
2677 2034 3037 2111 praeterea

473 2152 710 2215 autem
761 2151 964 2213 extat
1012 2148 1205 2213 locus
1252 2148 1435 2229 apud
1482 2147 1897 2226 Palladium,
1945 2148 2220 2225 (unicus
2258 2147 2473 2226 locuS,
2502 2150 2848 2227 quantum
2874 2148 3040 2230 vidi,

477 2285 609 2349 quo
682 2267 909 2332 coloni
982 2266 1245 2331 mentio
1272 2266 1353 2331 fit
1398 2266 1582 2347 apud
1632 2271 1816 2343 eum)
1865 2284 2000 2347 quo
2049 2265 2216 2330 talis
2263 2266 2566 2348 suspicio
2614 2266 2749 2330 niti
2796 2266 3039 2348 possit.

473 2386 668 2450 Inter
740 2384 966 2449 multa
1043 2384 1182 2448 alia
1252 2384 1543 2449 consilia
1606 2384 1692 2450 ad
1740 2401 1888 2449 rem
1936 2385 2281 2464 agrariam
2330 2384 2778 2466 pertinentia,
2826 2385 3040 2450 etiam

477 2506 752 2568 monet:
811 2502 1128 2587 „domino
1178 2502 1291 2567 vel
1344 2502 1587 2568 colono
1637 2502 1936 2568 confinia
1983 2502 2392 2584 possidenti,
2437 2503 2553 2582 qui
2608 2502 2904 2568 fundum
2929 2504 3043 2569 vel

475 2639 721 2703 agrum
788 2638 993 2686 suum
1067 2620 1273 2702 locat,
1349 2621 1622 2686 damnis
1700 2623 1847 2687 suis
1902 2638 1982 2686 ac
2031 2622 2277 2687 litibus
2329 2619 2712 2703 studet’'⁷).
2762 2620 2836 2686 Si
2883 2640 3043 2688 cum

477 2741 688 2806 solita
759 2740 1081 2821 opinione
1141 2739 1359 2804 facias
1408 2739 1798 2805 Palladium
1841 2739 1972 2804 IV⁰
2014 2740 2293 2805 saeculo
2343 2740 2606 2804 vixisse
2633 2735 2719 2822 ⁸);
2779 2741 2839 2805 si
2893 2758 3043 2806 con-

547 2982 586 3050 ι)
623 2981 686 3037 L.
740 2980 791 3035 2.
845 2978 904 3037 C.
958 2977 1066 3036 Th.
1105 2979 1181 3034 II.
1218 2980 1303 3035 30.
1341 2980 1585 3036 Nexum
1623 2995 1745 3036 non
1781 2979 1963 3037 faciat
1996 2980 2390 3050 praediorum,
2428 2981 2545 3037 nisi
2582 2995 2852 3051 persona,
2889 2997 3043 3050 quae

471 3069 605 3137 jure
657 3068 858 3137 potuit
909 3067 1173 3136 obligari.
1229 3067 1342 3122 Per
1394 3082 1639 3123 servum
1692 3071 1900 3124 autem
1952 3068 2050 3123 vel
2104 3072 2563 3138 procuratorem,
2625 3069 2904 3125 colonum
2949 3068 3046 3125 vel

477 3158 741 3212 actorem
779 3168 889 3209 seu
922 3154 1348 3210 conductorem
1385 3155 1815 3224 praeiudicium
1854 3156 2215 3224 possessioni
2253 3156 2443 3211 invito
2480 3154 2572 3211 vel
2599 3156 2784 3212 inscio
2804 3156 3046 3213 domino

479 3242 703 3312 imponi
743 3256 864 3296 non
900 3255 1092 3310 posse,
1130 3243 1190 3296 et
1219 3242 1377 3310 juris
1413 3244 1476 3297 et
1509 3242 1713 3310 legum
1749 3243 2213 3298 auctoritatibus
2249 3242 2620 3298 decantatur.

549 3330 589 3392 ²)
628 3329 692 3384 L.
734 3328 781 3383 1.
821 3327 879 3383 C.
917 3327 1023 3383 Th.
1061 3327 1140 3383 II.
1175 3328 1260 3384 31.
1300 3328 1586 3384 Dominos
1621 3330 1706 3384 ita
1743 3329 2074 3398 constringi
2113 3328 2499 3385 manifestum
2524 3331 2867 3386 estaotione
2887 3344 3046 3400 prae·

482 3417 647 3484 toria,
702 3429 856 3483 quae
908 3416 1244 3484 appellatur
1293 3415 1458 3482 Quod
1504 3416 1701 3482 jussu,
1736 3417 1787 3471 si
1825 3418 2049 3471 certam
2092 3417 2394 3471 numerari
2430 3418 2840 3485 praeceperint
2873 3431 3046 3473 servo

479 3504 742 3558 actorive
782 3503 1117 3570 pecuniam.
1154 3501 1348 3571 Igitur
1382 3503 1446 3557 in
1484 3505 1841 3571 perpetuum
1879 3503 2119 3574 edictali
2137 3503 2264 3571 lege
2284 3504 2608 3568 sancimus
2631 3505 2715 3572 ut,
2735 3505 2836 3571 qui
2857 3519 3047 3574 serve,

480 3590 706 3658 colono,
763 3589 1128 3656 conductori,
1183 3589 1550 3658 procuratori
1604 3591 1863 3646 actorive
1902 3590 2297 3659 possessionis
2332 3591 2651 3659 pecuniam
2689 3591 3048 3661 commodat,

478 3678 646 3742 sciat,
684 3676 961 3732 dominos
997 3675 1447 3744 possessionum
1484 3677 1821 3732 cultoresve
1860 3679 2156 3733 terrarum
2177 3677 2422 3745 obligari
2442 3691 2563 3734 non
2583 3691 2777 3746 posse.
2803 3708 2853 3716 -
2884 3678 2944 3733 L.
2966 3678 3050 3733 11.

483 3764 541 3820 C.
593 3764 647 3819 J.
703 3762 806 3818 IV.
863 3763 944 3818 10.
997 3763 1198 3818 Nimia
1246 3764 1601 3819 credulitate
1637 3764 2053 3819 circumventa
2087 3778 2153 3820 es
2188 3764 2330 3833 quia
2365 3764 2522 3833 quod
2561 3765 2787 3820 colonis
2821 3766 2885 3820 in
2921 3779 3049 3821 rem

480 3866 655 3907 suam
714 3852 930 3906 mutuo
986 3849 1202 3905 dedisti
1253 3864 1288 3905 a
1341 3851 1582 3906 domino
1636 3851 1859 3919 praedii
1911 3851 2214 3920 postulare
2251 3865 2427 3919 posse
2462 3850 2762 3906 credidisti
2775 3853 2798 3920 ,³
2829 3865 2940 3907 nec
2975 3852 3051 3908 ad

478 3954 618 3994 eum
658 3937 1047 4003 obligandum
1083 3939 1348 3992 actorem
1385 3938 1578 4007 ipsius
1613 3938 1861 4005 adjuvat
1896 3941 1956 3993 te
1993 3938 2349 4006 praesentia.

551 4026 592 4094 ³)
632 4025 697 4080 L.
749 4024 801 4080 3.
856 4023 914 4079 C.
950 4024 1003 4079 J.
1041 4023 1143 4080 IV.
1185 4024 1266 4078 10.
1304 4023 1390 4080 Ob
1429 4040 1642 4080 causas
1680 4025 1899 4093 proprii
1936 4025 2119 4080 debiti
2156 4025 2435 4080 locatoris
2470 4024 2776 4080 conveniri
2813 4024 3055 4081 colonos

482 4112 874 4182 pensionibus
910 4127 987 4167 ex
1025 4112 1243 4181 placito
1279 4113 1430 4167 satis
1466 4112 1757 4168 facientes
1793 4127 2082 4181 perquam
2119 4112 2478 4179 injuriosum
2516 4114 2627 4168 est.

552 4201 596 4268 ⁴)
634 4198 773 4255 Cod.
828 4198 1034 4254 Herm.
1085 4199 1247 4254 XVI.
1306 4195 1573 4255 Summa.
1624 4199 1746 4254 Nec
1783 4214 2029 4255 servum
2068 4214 2178 4254 nec
2215 4198 2494 4255 colonum
2529 4199 2836 4268 peculium
2871 4214 3055 4256 suum

486 4301 659 4356 posse
696 4286 1057 4342 distrahere:
1093 4287 1341 4356 insuper
1375 4288 1438 4342 et
1472 4289 1746 4342 ementes
1782 4286 1926 4342 furti
1962 4288 2197 4342 actione
2233 4287 2546 4342 tenendos.

560 4374 600 4443 ⁸)
638 4373 702 4428 L.
757 4374 846 4428 54.
898 4374 933 4441 5
988 4373 1038 4428 8.
1093 4373 1150 4429 C.
1190 4373 1295 4429 Th.
1334 4373 1499 4429 XVI.
1533 4375 1583 4429 5.
1623 4373 1839 4429 Servos
1876 4389 2016 4430 vero
2052 4377 2115 4429 et
2150 4373 2390 4430 colonos
2427 4374 2703 4430 coercitio
2739 4375 2812 4429 ab
2851 4374 3055 4443 huJus·

494 4460 651 4516 modi
705 4460 955 4515 ausibus
1010 4461 1393 4516 severissima
1446 4460 1791 4517 vindicabit.
1846 4463 1934 4516 Ac
1989 4461 2040 4515 si
2094 4460 2288 4515 coloni
2352 4461 2696 4516 verberibus
2748 4462 2938 4517 coacti
2990 4461 3054 4516 in

494 4547 790 4616 proposito
825 4548 1296 4616 perduraverint,
1336 4551 1482 4603 tunc
1521 4547 1697 4603 tertia
1731 4548 1950 4616 peculii
1986 4548 2079 4602 sui
2118 4549 2286 4616 parte
2321 4548 2708 4604 mulctentur.

568 4633 608 4698 ⁸)
645 4633 706 4688 L.
742 4633 793 4688 6.
831 4633 891 4688 C.
927 4633 980 4689 J.
1016 4634 1125 4690 XI.
1158 4636 1246 4690 68.

568 4718 611 4782 ⁷)
652 4720 952 4775 Palladius
987 4721 1033 4775 I.
1065 4722 1115 4777 6.

571 4805 611 4872 ο)
648 4806 795 4862 Vide
830 4808 1079 4863 Mamm
1120 4809 1385 4865 Sannz.
1422 4763 1787 4865 Geschichte
1824 4809 1930 4864 der
1967 4809 2306 4864 romischen
2343 4809 2659 4864 Literatur.
2690 4808 2792 4864 IV.
2816 4809 3058 4880 1.§844,

514 4904 566 4959 p.
602 4891 714 4949 172.
748 4892 853 4949 Die
890 4893 1018 4950 Zelt
1052 4896 1157 4951 des
1193 4896 1512 4952 Palladius.

2790 4993 2850 5048 1.
