<?xml version="1.0" encoding="UTF-8"?>
<!DOCTYPE html PUBLIC "-//W3C//DTD XHTML 1.0 Transitional//EN"
    "http://www.w3.org/TR/xhtml1/DTD/xhtml1-transitional.dtd">
<html xmlns="http://www.w3.org/1999/xhtml" xml:lang="en" lang="en">
 <head>
  <title>
</title>
<meta http-equiv="Content-Type" content="text/html;charset=utf-8" />
  <meta name='ocr-system' content='tesseract 3.04.00' />
  <meta name='ocr-capabilities' content='ocr_page ocr_carea ocr_par ocr_line ocrx_word'/>
</head>
<body>
  <div class='ocr_page' id='page_1' title='image "./decolonaturoman00bolkgoog_0035.png"; bbox 0 0 3770 5738; ppageno 0'>
   <div class='ocr_carea' id='block_1_1' title="bbox 1682 501 1763 565">
    <p class='ocr_par' dir='ltr' id='par_1_1' title="bbox 1682 501 1763 565">
     <span class='ocr_line' id='line_1_1' title="bbox 1682 501 1763 565; baseline 0.012 -1"><span class='ocrx_word' id='word_1_1' title='bbox 1682 501 1763 565; x_wconf 86' lang='lat'>13</span> 
     </span>
    </p>
   </div>
   <div class='ocr_carea' id='block_1_2' title="bbox 421 696 3006 3380">
    <p class='ocr_par' dir='ltr' id='par_1_2' title="bbox 427 696 2996 898">
     <span class='ocr_line' id='line_1_2' title="bbox 431 696 2996 782; baseline -0 -18"><span class='ocrx_word' id='word_1_2' title='bbox 431 702 579 764; x_wconf 86' lang='lat' dir='ltr'>tem</span> <span class='ocrx_word' id='word_1_3' title='bbox 651 701 997 765; x_wconf 90' lang='lat' dir='ltr'>transiret</span> <span class='ocrx_word' id='word_1_4' title='bbox 1025 696 1099 781; x_wconf 77' lang='lat'>¹).</span> <span class='ocrx_word' id='word_1_5' title='bbox 1160 698 1388 782; x_wconf 85' lang='lat' dir='ltr'>Supra</span> <span class='ocrx_word' id='word_1_6' title='bbox 1438 699 1586 781; x_wconf 90' lang='lat' dir='ltr'>jam</span> <span class='ocrx_word' id='word_1_7' title='bbox 1636 699 1943 764; x_wconf 88' lang='lat' dir='ltr'>vidimus</span> <span class='ocrx_word' id='word_1_8' title='bbox 1990 699 2205 764; x_wconf 89' lang='lat' dir='ltr'>etiam</span> <span class='ocrx_word' id='word_1_9' title='bbox 2254 702 2546 780; x_wconf 77' lang='lat' dir='ltr'>nepotes</span> <span class='ocrx_word' id='word_1_10' title='bbox 2592 716 2832 764; x_wconf 91' lang='lat' dir='ltr'>eorum</span> <span class='ocrx_word' id='word_1_11' title='bbox 2880 700 2996 781; x_wconf 90' lang='lat' dir='ltr'>qui</span> 
     </span>
     <span class='ocr_line' id='line_1_3' title="bbox 427 814 2684 898; baseline -0 -15"><span class='ocrx_word' id='word_1_12' title='bbox 427 819 596 883; x_wconf 90' lang='lat' dir='ltr'>olim</span> <span class='ocrx_word' id='word_1_13' title='bbox 647 819 872 885; x_wconf 91' lang='lat' dir='ltr'>coloni</span> <span class='ocrx_word' id='word_1_14' title='bbox 922 819 1205 883; x_wconf 85' lang='lat' dir='ltr'>fuerant</span> <span class='ocrx_word' id='word_1_15' title='bbox 1252 819 1339 883; x_wconf 90' lang='lat' dir='ltr'>ad</span> <span class='ocrx_word' id='word_1_16' title='bbox 1390 835 1594 898; x_wconf 85' lang='lat' dir='ltr'>agros</span> <span class='ocrx_word' id='word_1_17' title='bbox 1640 818 1967 883; x_wconf 88' lang='lat' dir='ltr'>colendos</span> <span class='ocrx_word' id='word_1_18' title='bbox 2018 820 2386 882; x_wconf 89' lang='lat' dir='ltr'>revocatos</span> <span class='ocrx_word' id='word_1_19' title='bbox 2432 834 2587 883; x_wconf 86' lang='lat' dir='ltr'>esse</span> <span class='ocrx_word' id='word_1_20' title='bbox 2613 814 2684 894; x_wconf 81' lang='lat'>²).</span> 
     </span>
    </p>

    <p class='ocr_par' dir='ltr' id='par_1_3' title="bbox 421 934 3000 1727">
     <span class='ocr_line' id='line_1_4' title="bbox 522 934 2997 1017; baseline -0.001 -16"><span class='ocrx_word' id='word_1_21' title='bbox 522 936 816 1001; x_wconf 86' lang='lat' dir='ltr'>Constat</span> <span class='ocrx_word' id='word_1_22' title='bbox 865 937 1083 1017; x_wconf 87' lang='lat' dir='ltr'>igitur</span> <span class='ocrx_word' id='word_1_23' title='bbox 1127 937 1199 1000; x_wconf 90' lang='lat' dir='ltr'>in</span> <span class='ocrx_word' id='word_1_24' title='bbox 1227 937 1637 1000; x_wconf 88' lang='lat' dir='ltr'>universum</span> <span class='ocrx_word' id='word_1_25' title='bbox 1665 936 1921 1000; x_wconf 90' lang='lat' dir='ltr'>liberos</span> <span class='ocrx_word' id='word_1_26' title='bbox 1948 934 2350 1000; x_wconf 87' lang='lat' dir='ltr'>colonorum</span> <span class='ocrx_word' id='word_1_27' title='bbox 2375 935 2754 1000; x_wconf 85' lang='lat' dir='ltr'>adstrictos</span> <span class='ocrx_word' id='word_1_28' title='bbox 2779 934 2997 1000; x_wconf 84' lang='lat' dir='ltr'>fuisse</span> 
     </span>
     <span class='ocr_line' id='line_1_5' title="bbox 423 1054 2994 1135; baseline -0.001 -15"><span class='ocrx_word' id='word_1_29' title='bbox 423 1060 578 1120; x_wconf 84' lang='lat' dir='ltr'>tam</span> <span class='ocrx_word' id='word_1_30' title='bbox 648 1056 1039 1120; x_wconf 89' lang='lat' dir='ltr'>condicioni</span> <span class='ocrx_word' id='word_1_31' title='bbox 1118 1058 1489 1135; x_wconf 88' lang='lat' dir='ltr'>parentum</span> <span class='ocrx_word' id='word_1_32' title='bbox 1575 1071 1785 1135; x_wconf 89' lang='lat' dir='ltr'>quam</span> <span class='ocrx_word' id='word_1_33' title='bbox 1870 1071 2109 1118; x_wconf 89' lang='lat' dir='ltr'>eorum</span> <span class='ocrx_word' id='word_1_34' title='bbox 2182 1054 2459 1118; x_wconf 90' lang='lat' dir='ltr'>domino</span> <span class='ocrx_word' id='word_1_35' title='bbox 2535 1054 2644 1118; x_wconf 91' lang='lat' dir='ltr'>vel</span> <span class='ocrx_word' id='word_1_36' title='bbox 2693 1054 2994 1134; x_wconf 81' lang='lat' dir='ltr'>praedio.</span> 
     </span>
     <span class='ocr_line' id='line_1_6' title="bbox 422 1159 2996 1252; baseline -0.001 -15"><span class='ocrx_word' id='word_1_37' title='bbox 422 1173 772 1237; x_wconf 88' lang='lat' dir='ltr'>Poterant</span> <span class='ocrx_word' id='word_1_38' title='bbox 842 1175 1082 1237; x_wconf 89' lang='lat' dir='ltr'>autem</span> <span class='ocrx_word' id='word_1_39' title='bbox 1154 1173 1225 1236; x_wconf 92' lang='lat' dir='ltr'>in</span> <span class='ocrx_word' id='word_1_40' title='bbox 1274 1173 1428 1237; x_wconf 85' lang='lat' dir='ltr'>vita</span> <span class='ocrx_word' id='word_1_41' title='bbox 1475 1159 1828 1237; x_wconf 90' lang='lat' dir='ltr'>cotidiana</span> <span class='ocrx_word' id='word_1_42' title='bbox 1878 1172 2104 1236; x_wconf 90' lang='lat' dir='ltr'>multa</span> <span class='ocrx_word' id='word_1_43' title='bbox 2152 1189 2285 1236; x_wconf 90' lang='lat' dir='ltr'>usu</span> <span class='ocrx_word' id='word_1_44' title='bbox 2334 1172 2574 1236; x_wconf 85' lang='lat' dir='ltr'>venire</span> <span class='ocrx_word' id='word_1_45' title='bbox 2623 1189 2802 1252; x_wconf 88' lang='lat' dir='ltr'>quae</span> <span class='ocrx_word' id='word_1_46' title='bbox 2850 1172 2996 1236; x_wconf 91' lang='lat' dir='ltr'>dili-</span> 
     </span>
     <span class='ocr_line' id='line_1_7' title="bbox 421 1290 2997 1372; baseline -0 -16"><span class='ocrx_word' id='word_1_47' title='bbox 421 1292 712 1371; x_wconf 86' lang='lat' dir='ltr'>gentius</span> <span class='ocrx_word' id='word_1_48' title='bbox 780 1291 1126 1356; x_wconf 91' lang='lat' dir='ltr'>moderari</span> <span class='ocrx_word' id='word_1_49' title='bbox 1184 1291 1533 1355; x_wconf 77' lang='lat' dir='ltr'>debebant</span> <span class='ocrx_word' id='word_1_50' title='bbox 1599 1293 1673 1355; x_wconf 90' lang='lat' dir='ltr'>et</span> <span class='ocrx_word' id='word_1_51' title='bbox 1719 1291 1898 1355; x_wconf 91' lang='lat' dir='ltr'>hanc</span> <span class='ocrx_word' id='word_1_52' title='bbox 1947 1292 2033 1354; x_wconf 93' lang='lat' dir='ltr'>ob</span> <span class='ocrx_word' id='word_1_53' title='bbox 2083 1308 2228 1354; x_wconf 91' lang='lat' dir='ltr'>rem</span> <span class='ocrx_word' id='word_1_54' title='bbox 2278 1290 2612 1372; x_wconf 80' lang='lat' dir='ltr'>peculiari</span> <span class='ocrx_word' id='word_1_55' title='bbox 2657 1308 2997 1355; x_wconf 89' lang='lat' dir='ltr'>commen·</span> 
     </span>
     <span class='ocr_line' id='line_1_8' title="bbox 424 1409 2999 1491; baseline -0 -16"><span class='ocrx_word' id='word_1_56' title='bbox 424 1410 701 1475; x_wconf 85' lang='lat' dir='ltr'>tatione</span> <span class='ocrx_word' id='word_1_57' title='bbox 776 1409 988 1490; x_wconf 88' lang='lat' dir='ltr'>digna</span> <span class='ocrx_word' id='word_1_58' title='bbox 1051 1412 1242 1474; x_wconf 91' lang='lat' dir='ltr'>sunt.</span> <span class='ocrx_word' id='word_1_59' title='bbox 1321 1409 1594 1474; x_wconf 87' lang='lat' dir='ltr'>Talium</span> <span class='ocrx_word' id='word_1_60' title='bbox 1651 1411 2187 1491; x_wconf 90' lang='lat' dir='ltr'>praeceptorum</span> <span class='ocrx_word' id='word_1_61' title='bbox 2258 1409 2560 1474; x_wconf 88' lang='lat' dir='ltr'>materia</span> <span class='ocrx_word' id='word_1_62' title='bbox 2606 1412 2720 1473; x_wconf 87' lang='lat' dir='ltr'>sat</span> <span class='ocrx_word' id='word_1_63' title='bbox 2766 1410 2999 1490; x_wconf 89' lang='lat' dir='ltr'>ampla</span> 
     </span>
     <span class='ocr_line' id='line_1_9' title="bbox 423 1527 3000 1609; baseline 0 -18"><span class='ocrx_word' id='word_1_64' title='bbox 423 1528 492 1593; x_wconf 91' lang='lat' dir='ltr'>in</span> <span class='ocrx_word' id='word_1_65' title='bbox 549 1529 889 1609; x_wconf 89' lang='lat' dir='ltr'>promptu</span> <span class='ocrx_word' id='word_1_66' title='bbox 936 1528 1067 1609; x_wconf 87' lang='lat' dir='ltr'>est,</span> <span class='ocrx_word' id='word_1_67' title='bbox 1109 1527 1644 1607; x_wconf 85' lang='lat' dir='ltr'>distinguuntur</span> <span class='ocrx_word' id='word_1_68' title='bbox 1683 1527 1870 1591; x_wconf 88' lang='lat' dir='ltr'>enim</span> <span class='ocrx_word' id='word_1_69' title='bbox 1910 1527 1982 1591; x_wconf 87' lang='lat' dir='ltr'>in</span> <span class='ocrx_word' id='word_1_70' title='bbox 2024 1527 2295 1607; x_wconf 88' lang='lat' dir='ltr'>legibus</span> <span class='ocrx_word' id='word_1_71' title='bbox 2330 1544 2458 1591; x_wconf 81' lang='lat' dir='ltr'>sex</span> <span class='ocrx_word' id='word_1_72' title='bbox 2483 1544 2737 1608; x_wconf 85' lang='lat' dir='ltr'>genera</span> <span class='ocrx_word' id='word_1_73' title='bbox 2766 1529 3000 1592; x_wconf 88' lang='lat' dir='ltr'>matri·</span> 
     </span>
     <span class='ocr_line' id='line_1_10' title="bbox 424 1645 2476 1727; baseline 0 -17"><span class='ocrx_word' id='word_1_74' title='bbox 424 1647 825 1711; x_wconf 90' lang='lat' dir='ltr'>moniorum</span> <span class='ocrx_word' id='word_1_75' title='bbox 874 1662 1051 1726; x_wconf 89' lang='lat' dir='ltr'>quae</span> <span class='ocrx_word' id='word_1_76' title='bbox 1099 1645 1320 1710; x_wconf 88' lang='lat' dir='ltr'>coloni</span> <span class='ocrx_word' id='word_1_77' title='bbox 1373 1645 1784 1711; x_wconf 79' lang='lat' dir='ltr'>contrahere</span> <span class='ocrx_word' id='word_1_78' title='bbox 1829 1647 2180 1726; x_wconf 87' lang='lat' dir='ltr'>poterant,</span> <span class='ocrx_word' id='word_1_79' title='bbox 2229 1662 2476 1727; x_wconf 87' lang='lat' dir='ltr'>nempe</span> 
     </span>
    </p>

    <p class='ocr_par' dir='ltr' id='par_1_4' title="bbox 523 1763 2815 1845">
     <span class='ocr_line' id='line_1_11' title="bbox 523 1763 2815 1845; baseline 0 -18"><span class='ocrx_word' id='word_1_80' title='bbox 523 1765 585 1828; x_wconf 91' lang='lat'>1.</span> <span class='ocrx_word' id='word_1_81' title='bbox 661 1782 824 1829; x_wconf 90' lang='lat' dir='ltr'>cum</span> <span class='ocrx_word' id='word_1_82' title='bbox 872 1763 1137 1829; x_wconf 89' lang='lat' dir='ltr'>colonis</span> <span class='ocrx_word' id='word_1_83' title='bbox 1183 1763 1496 1845; x_wconf 89' lang='lat' dir='ltr'>ejusdem</span> <span class='ocrx_word' id='word_1_84' title='bbox 1545 1763 1975 1829; x_wconf 87' lang='lat' dir='ltr'>condicionis</span> <span class='ocrx_word' id='word_1_85' title='bbox 2022 1763 2471 1845; x_wconf 87' lang='lat' dir='ltr'>ejusdemque</span> <span class='ocrx_word' id='word_1_86' title='bbox 2520 1764 2815 1845; x_wconf 90' lang='lat' dir='ltr'>praedii;</span> 
     </span>
    </p>

    <p class='ocr_par' dir='ltr' id='par_1_5' title="bbox 521 1881 1743 1962">
     <span class='ocr_line' id='line_1_12' title="bbox 521 1881 1743 1962; baseline -0.001 -16"><span class='ocrx_word' id='word_1_87' title='bbox 521 1884 588 1946; x_wconf 80' lang='lat'>2.</span> <span class='ocrx_word' id='word_1_88' title='bbox 663 1899 827 1947; x_wconf 88' lang='lat' dir='ltr'>cum</span> <span class='ocrx_word' id='word_1_89' title='bbox 875 1881 1139 1947; x_wconf 90' lang='lat' dir='ltr'>colonis</span> <span class='ocrx_word' id='word_1_90' title='bbox 1187 1882 1448 1962; x_wconf 89' lang='lat' dir='ltr'>praedii</span> <span class='ocrx_word' id='word_1_91' title='bbox 1494 1881 1743 1962; x_wconf 83' lang='lat' dir='ltr'>alieni3</span> 
     </span>
    </p>

    <p class='ocr_par' dir='ltr' id='par_1_6' title="bbox 520 1999 1965 2081">
     <span class='ocr_line' id='line_1_13' title="bbox 520 1999 1965 2081; baseline 0.001 -17"><span class='ocrx_word' id='word_1_92' title='bbox 520 2000 584 2065; x_wconf 83' lang='lat'>3.</span> <span class='ocrx_word' id='word_1_93' title='bbox 663 2017 828 2065; x_wconf 90' lang='lat' dir='ltr'>cum</span> <span class='ocrx_word' id='word_1_94' title='bbox 872 1999 1138 2065; x_wconf 89' lang='lat' dir='ltr'>colonis</span> <span class='ocrx_word' id='word_1_95' title='bbox 1187 2000 1615 2066; x_wconf 89' lang='lat' dir='ltr'>condicionis</span> <span class='ocrx_word' id='word_1_96' title='bbox 1661 2000 1965 2081; x_wconf 87' lang='lat' dir='ltr'>alienae;</span> 
     </span>
    </p>

    <p class='ocr_par' dir='ltr' id='par_1_7' title="bbox 521 2118 2891 2200">
     <span class='ocr_line' id='line_1_14' title="bbox 521 2118 2891 2200; baseline 0 -17"><span class='ocrx_word' id='word_1_97' title='bbox 521 2121 587 2183; x_wconf 88' lang='lat'>4.</span> <span class='ocrx_word' id='word_1_98' title='bbox 663 2135 825 2183; x_wconf 88' lang='lat' dir='ltr'>cum</span> <span class='ocrx_word' id='word_1_99' title='bbox 873 2119 961 2183; x_wconf 89' lang='lat' dir='ltr'>iis</span> <span class='ocrx_word' id='word_1_100' title='bbox 1010 2118 1127 2200; x_wconf 89' lang='lat' dir='ltr'>qui</span> <span class='ocrx_word' id='word_1_101' title='bbox 1173 2118 1295 2183; x_wconf 90' lang='lat' dir='ltr'>alii</span> <span class='ocrx_word' id='word_1_102' title='bbox 1344 2119 1734 2184; x_wconf 85' lang='lat' dir='ltr'>condicioni</span> <span class='ocrx_word' id='word_1_103' title='bbox 1784 2118 2070 2185; x_wconf 84' lang='lat' dir='ltr'>obnoxii</span> <span class='ocrx_word' id='word_1_104' title='bbox 2117 2121 2291 2184; x_wconf 87' lang='lat' dir='ltr'>sunt</span> <span class='ocrx_word' id='word_1_105' title='bbox 2338 2134 2418 2183; x_wconf 89' lang='lat' dir='ltr'>ac</span> <span class='ocrx_word' id='word_1_106' title='bbox 2468 2118 2891 2199; x_wconf 80' lang='lat' dir='ltr'>colonariae3</span> 
     </span>
    </p>

    <p class='ocr_par' dir='ltr' id='par_1_8' title="bbox 523 2238 1133 2320">
     <span class='ocr_line' id='line_1_15' title="bbox 523 2238 1133 2320; baseline -0.002 -18"><span class='ocrx_word' id='word_1_107' title='bbox 523 2239 588 2302; x_wconf 86' lang='lat'>5.</span> <span class='ocrx_word' id='word_1_108' title='bbox 662 2254 823 2302; x_wconf 92' lang='lat' dir='ltr'>cum</span> <span class='ocrx_word' id='word_1_109' title='bbox 870 2238 1133 2320; x_wconf 85' lang='lat' dir='ltr'>servis;</span> 
     </span>
    </p>

    <p class='ocr_par' dir='ltr' id='par_1_9' title="bbox 523 2355 1131 2421">
     <span class='ocr_line' id='line_1_16' title="bbox 523 2355 1131 2421; baseline 0.003 -2"><span class='ocrx_word' id='word_1_110' title='bbox 523 2357 589 2420; x_wconf 87' lang='lat'>6.</span> <span class='ocrx_word' id='word_1_111' title='bbox 665 2373 824 2420; x_wconf 91' lang='lat' dir='ltr'>cum</span> <span class='ocrx_word' id='word_1_112' title='bbox 873 2355 1131 2421; x_wconf 76' lang='lat' dir='ltr'>liberis</span> 
     </span>
    </p>

    <p class='ocr_par' dir='ltr' id='par_1_10' title="bbox 432 2473 3000 2792">
     <span class='ocr_line' id='line_1_17' title="bbox 531 2473 2996 2557; baseline -0 -19"><span class='ocrx_word' id='word_1_113' title='bbox 531 2476 589 2538; x_wconf 94' lang='lat'>1.</span> <span class='ocrx_word' id='word_1_114' title='bbox 644 2473 836 2555; x_wconf 81' lang='lat' dir='ltr'>Quod</span> <span class='ocrx_word' id='word_1_115' title='bbox 885 2475 972 2539; x_wconf 89' lang='lat' dir='ltr'>ad</span> <span class='ocrx_word' id='word_1_116' title='bbox 1023 2475 1326 2556; x_wconf 91' lang='lat' dir='ltr'>primum</span> <span class='ocrx_word' id='word_1_117' title='bbox 1375 2474 1545 2540; x_wconf 90' lang='lat' dir='ltr'>illud</span> <span class='ocrx_word' id='word_1_118' title='bbox 1591 2474 1949 2541; x_wconf 84' lang='lat' dir='ltr'>attinebat</span> <span class='ocrx_word' id='word_1_119' title='bbox 1997 2476 2298 2557; x_wconf 86' lang='lat' dir='ltr'>simplex</span> <span class='ocrx_word' id='word_1_120' title='bbox 2346 2477 2501 2540; x_wconf 89' lang='lat' dir='ltr'>erat</span> <span class='ocrx_word' id='word_1_121' title='bbox 2546 2474 2763 2539; x_wconf 87' lang='lat' dir='ltr'>ratio:</span> <span class='ocrx_word' id='word_1_122' title='bbox 2797 2473 2996 2538; x_wconf 88' lang='lat' dir='ltr'>liberi</span> 
     </span>
     <span class='ocr_line' id='line_1_18' title="bbox 432 2592 3000 2674; baseline 0.001 -18"><span class='ocrx_word' id='word_1_123' title='bbox 432 2592 627 2657; x_wconf 90' lang='lat' dir='ltr'>enim</span> <span class='ocrx_word' id='word_1_124' title='bbox 698 2593 1205 2673; x_wconf 87' lang='lat' dir='ltr'>permanebant</span> <span class='ocrx_word' id='word_1_125' title='bbox 1275 2594 1346 2657; x_wconf 93' lang='lat' dir='ltr'>in</span> <span class='ocrx_word' id='word_1_126' title='bbox 1417 2594 1661 2659; x_wconf 91' lang='lat' dir='ltr'>eadem</span> <span class='ocrx_word' id='word_1_127' title='bbox 1723 2594 2126 2660; x_wconf 88' lang='lat' dir='ltr'>condicione</span> <span class='ocrx_word' id='word_1_128' title='bbox 2186 2596 2401 2674; x_wconf 88' lang='lat' dir='ltr'>atque</span> <span class='ocrx_word' id='word_1_129' title='bbox 2448 2593 2675 2658; x_wconf 92' lang='lat' dir='ltr'>eidem</span> <span class='ocrx_word' id='word_1_130' title='bbox 2721 2593 3000 2659; x_wconf 89' lang='lat' dir='ltr'>domino</span> 
     </span>
     <span class='ocr_line' id='line_1_19' title="bbox 432 2711 1483 2792; baseline 0.003 -17"><span class='ocrx_word' id='word_1_131' title='bbox 432 2713 608 2775; x_wconf 89' lang='lat' dir='ltr'>sunt</span> <span class='ocrx_word' id='word_1_132' title='bbox 655 2711 953 2792; x_wconf 85' lang='lat' dir='ltr'>subjecti</span> <span class='ocrx_word' id='word_1_133' title='bbox 1001 2728 1083 2777; x_wconf 90' lang='lat' dir='ltr'>ac</span> <span class='ocrx_word' id='word_1_134' title='bbox 1132 2715 1483 2792; x_wconf 87' lang='lat' dir='ltr'>parentes.</span> 
     </span>
    </p>

    <p class='ocr_par' dir='ltr' id='par_1_11' title="bbox 435 2829 3006 3380">
     <span class='ocr_line' id='line_1_20' title="bbox 530 2829 3001 2914; baseline -0 -19"><span class='ocrx_word' id='word_1_135' title='bbox 530 2831 591 2895; x_wconf 82' lang='lat'>2.</span> <span class='ocrx_word' id='word_1_136' title='bbox 641 2829 722 2895; x_wconf 88' lang='lat' dir='ltr'>In</span> <span class='ocrx_word' id='word_1_137' title='bbox 771 2831 1087 2896; x_wconf 88' lang='lat' dir='ltr'>conubiis</span> <span class='ocrx_word' id='word_1_138' title='bbox 1134 2831 1422 2898; x_wconf 86' lang='lat' dir='ltr'>secundi</span> <span class='ocrx_word' id='word_1_139' title='bbox 1469 2832 1744 2914; x_wconf 87' lang='lat' dir='ltr'>generis</span> <span class='ocrx_word' id='word_1_140' title='bbox 1793 2849 1932 2899; x_wconf 92' lang='lat' dir='ltr'>non</span> <span class='ocrx_word' id='word_1_141' title='bbox 1982 2849 2258 2914; x_wconf 90' lang='lat' dir='ltr'>semper</span> <span class='ocrx_word' id='word_1_142' title='bbox 2305 2831 2508 2913; x_wconf 91' lang='lat' dir='ltr'>plane</span> <span class='ocrx_word' id='word_1_143' title='bbox 2553 2830 2799 2896; x_wconf 90' lang='lat' dir='ltr'>eadem</span> <span class='ocrx_word' id='word_1_144' title='bbox 2822 2829 3001 2895; x_wconf 90' lang='lat' dir='ltr'>ratio</span> 
     </span>
     <span class='ocr_line' id='line_1_21' title="bbox 435 2948 3003 3029; baseline -0 -15"><span class='ocrx_word' id='word_1_145' title='bbox 435 2951 548 3014; x_wconf 92' lang='lat' dir='ltr'>est</span> <span class='ocrx_word' id='word_1_146' title='bbox 613 2948 826 3029; x_wconf 84' lang='lat' dir='ltr'>inita3</span> <span class='ocrx_word' id='word_1_147' title='bbox 894 2966 1176 3015; x_wconf 88' lang='lat' dir='ltr'>necesse</span> <span class='ocrx_word' id='word_1_148' title='bbox 1225 2951 1413 3015; x_wconf 91' lang='lat' dir='ltr'>enim</span> <span class='ocrx_word' id='word_1_149' title='bbox 1457 2955 1611 3015; x_wconf 90' lang='lat' dir='ltr'>erat</span> <span class='ocrx_word' id='word_1_150' title='bbox 1658 2952 2032 3017; x_wconf 83' lang='lat' dir='ltr'>contrariis</span> <span class='ocrx_word' id='word_1_151' title='bbox 2081 2950 2516 3016; x_wconf 86' lang='lat' dir='ltr'>utilitatibus</span> <span class='ocrx_word' id='word_1_152' title='bbox 2565 2949 3003 3014; x_wconf 88' lang='lat' dir='ltr'>diversorum</span> 
     </span>
     <span class='ocr_line' id='line_1_22' title="bbox 436 3067 3006 3150; baseline -0 -18"><span class='ocrx_word' id='word_1_153' title='bbox 436 3083 921 3148; x_wconf 87' lang='lat' dir='ltr'>possessorum</span> <span class='ocrx_word' id='word_1_154' title='bbox 966 3068 1231 3150; x_wconf 88' lang='lat' dir='ltr'>pariter</span> <span class='ocrx_word' id='word_1_155' title='bbox 1277 3069 1598 3150; x_wconf 82' lang='lat' dir='ltr'>prospici.</span> <span class='ocrx_word' id='word_1_156' title='bbox 1650 3070 2026 3135; x_wconf 89' lang='lat' dir='ltr'>Praeterea</span> <span class='ocrx_word' id='word_1_157' title='bbox 2054 3069 2632 3150; x_wconf 87' lang='lat' dir='ltr'>distinguendum</span> <span class='ocrx_word' id='word_1_158' title='bbox 2657 3067 2792 3132; x_wconf 90' lang='lat' dir='ltr'>erit</span> <span class='ocrx_word' id='word_1_159' title='bbox 2817 3068 3006 3132; x_wconf 90' lang='lat' dir='ltr'>inter</span> 
     </span>
     <span class='ocr_line' id='line_1_23' title="bbox 440 3185 3002 3269; baseline -0 -19"><span class='ocrx_word' id='word_1_160' title='bbox 440 3185 737 3250; x_wconf 90' lang='lat' dir='ltr'>conubia</span> <span class='ocrx_word' id='word_1_161' title='bbox 807 3202 984 3266; x_wconf 89' lang='lat' dir='ltr'>quae</span> <span class='ocrx_word' id='word_1_162' title='bbox 1038 3185 1264 3252; x_wconf 91' lang='lat' dir='ltr'>coloni</span> <span class='ocrx_word' id='word_1_163' title='bbox 1324 3190 1400 3252; x_wconf 92' lang='lat' dir='ltr'>et</span> <span class='ocrx_word' id='word_1_164' title='bbox 1451 3204 1533 3252; x_wconf 89' lang='lat' dir='ltr'>ea</span> <span class='ocrx_word' id='word_1_165' title='bbox 1578 3204 1756 3269; x_wconf 88' lang='lat' dir='ltr'>quae</span> <span class='ocrx_word' id='word_1_166' title='bbox 1803 3188 2237 3269; x_wconf 88' lang='lat' dir='ltr'>adscripticii</span> <span class='ocrx_word' id='word_1_167' title='bbox 2279 3188 2464 3252; x_wconf 89' lang='lat' dir='ltr'>inter</span> <span class='ocrx_word' id='word_1_168' title='bbox 2511 3204 2587 3252; x_wconf 92' lang='lat' dir='ltr'>se</span> <span class='ocrx_word' id='word_1_169' title='bbox 2636 3185 3002 3266; x_wconf 89' lang='lat' dir='ltr'>conjunge·</span> 
     </span>
     <span class='ocr_line' id='line_1_24' title="bbox 439 3299 3005 3380; baseline -0 -11"><span class='ocrx_word' id='word_1_170' title='bbox 439 3304 631 3369; x_wconf 90' lang='lat' dir='ltr'>bant.</span> <span class='ocrx_word' id='word_1_171' title='bbox 704 3302 802 3368; x_wconf 91' lang='lat' dir='ltr'>De</span> <span class='ocrx_word' id='word_1_172' title='bbox 864 3303 1005 3369; x_wconf 89' lang='lat' dir='ltr'>illis</span> <span class='ocrx_word' id='word_1_173' title='bbox 1063 3303 1420 3370; x_wconf 89' lang='lat' dir='ltr'>Honorius</span> <span class='ocrx_word' id='word_1_174' title='bbox 1482 3308 1555 3371; x_wconf 93' lang='lat' dir='ltr'>et</span> <span class='ocrx_word' id='word_1_175' title='bbox 1610 3306 2039 3372; x_wconf 87' lang='lat' dir='ltr'>Theodosius</span> <span class='ocrx_word' id='word_1_176' title='bbox 2086 3308 2500 3371; x_wconf 87' lang='lat' dir='ltr'>statuerunt</span> <span class='ocrx_word' id='word_1_177' title='bbox 2527 3299 2575 3380; x_wconf 78' lang='lat'>³)</span> <span class='ocrx_word' id='word_1_178' title='bbox 2623 3307 2707 3370; x_wconf 93' lang='lat' dir='ltr'>ut</span> <span class='ocrx_word' id='word_1_179' title='bbox 2754 3303 3005 3369; x_wconf 90' lang='lat' dir='ltr'>mulier</span> 
     </span>
    </p>
   </div>
   <div class='ocr_carea' id='block_1_3' title="bbox 440 3466 865 3474">
    <p class='ocr_par' dir='ltr' id='par_1_12' title="bbox 440 3466 865 3474">
     <span class='ocr_line' id='line_1_25' title="bbox 440 3466 865 3474; baseline 0 0"><span class='ocrx_word' id='word_1_180' title='bbox 440 3466 865 3474; x_wconf 95' lang='lat' dir='ltr'> </span> 
     </span>
    </p>
   </div>
   <div class='ocr_carea' id='block_1_4' title="bbox 443 3558 3012 4939">
    <p class='ocr_par' dir='ltr' id='par_1_13' title="bbox 443 3558 3007 4068">
     <span class='ocr_line' id='line_1_26' title="bbox 515 3558 3006 3631; baseline 0 -16"><span class='ocrx_word' id='word_1_181' title='bbox 515 3559 554 3628; x_wconf 90' lang='lat'>¹)</span> <span class='ocrx_word' id='word_1_182' title='bbox 591 3560 655 3615; x_wconf 89' lang='lat' dir='ltr'>L.</span> <span class='ocrx_word' id='word_1_183' title='bbox 691 3560 778 3615; x_wconf 94' lang='lat'>11.</span> <span class='ocrx_word' id='word_1_184' title='bbox 813 3558 875 3615; x_wconf 87' lang='lat' dir='ltr'>G.</span> <span class='ocrx_word' id='word_1_185' title='bbox 908 3559 962 3616; x_wconf 90' lang='lat' dir='ltr'>J.</span> <span class='ocrx_word' id='word_1_186' title='bbox 999 3559 1110 3616; x_wconf 88' lang='lat'>111.</span> <span class='ocrx_word' id='word_1_187' title='bbox 1142 3560 1229 3616; x_wconf 86' lang='lat'>38.</span> <span class='ocrx_word' id='word_1_188' title='bbox 1266 3560 1728 3618; x_wconf 88' lang='lat' dir='ltr'>Possessionum</span> <span class='ocrx_word' id='word_1_189' title='bbox 1765 3562 2092 3618; x_wconf 85' lang='lat' dir='ltr'>divisiones</span> <span class='ocrx_word' id='word_1_190' title='bbox 2127 3562 2214 3617; x_wconf 89' lang='lat' dir='ltr'>sic</span> <span class='ocrx_word' id='word_1_191' title='bbox 2250 3562 2378 3618; x_wconf 86' lang='lat' dir='ltr'>fieri</span> <span class='ocrx_word' id='word_1_192' title='bbox 2408 3562 2660 3631; x_wconf 83' lang='lat' dir='ltr'>oportet,</span> <span class='ocrx_word' id='word_1_193' title='bbox 2684 3562 2756 3617; x_wconf 91' lang='lat' dir='ltr'>ut</span> <span class='ocrx_word' id='word_1_194' title='bbox 2771 3561 3006 3628; x_wconf 85' lang='lat' dir='ltr'>integra</span> 
     </span>
     <span class='ocr_line' id='line_1_27' title="bbox 443 3648 3006 3728; baseline 0 -26"><span class='ocrx_word' id='word_1_195' title='bbox 443 3649 601 3716; x_wconf 87' lang='lat' dir='ltr'>apud</span> <span class='ocrx_word' id='word_1_196' title='bbox 654 3660 1076 3703; x_wconf 86' lang='lat' dir='ltr'>successorum</span> <span class='ocrx_word' id='word_1_197' title='bbox 1135 3663 1631 3718; x_wconf 89' lang='lat' dir='ltr'>unumquemque</span> <span class='ocrx_word' id='word_1_198' title='bbox 1690 3663 2032 3728; x_wconf 48' lang='lat' dir='ltr'>servorum·</span> <span class='ocrx_word' id='word_1_199' title='bbox 2057 3650 2153 3705; x_wconf 86' lang='lat' dir='ltr'>vel</span> <span class='ocrx_word' id='word_1_200' title='bbox 2209 3649 2556 3706; x_wconf 87' lang='lat' dir='ltr'>colonorum</span> <span class='ocrx_word' id='word_1_201' title='bbox 2593 3648 3006 3717; x_wconf 87' lang='lat' dir='ltr'>adscripticiae</span> 
     </span>
     <span class='ocr_line' id='line_1_28' title="bbox 446 3734 3007 3806; baseline 0 -18"><span class='ocrx_word' id='word_1_202' title='bbox 446 3734 811 3790; x_wconf 86' lang='lat' dir='ltr'>condicionis</span> <span class='ocrx_word' id='word_1_203' title='bbox 863 3748 971 3790; x_wconf 87' lang='lat' dir='ltr'>seu</span> <span class='ocrx_word' id='word_1_204' title='bbox 1022 3735 1456 3804; x_wconf 87' lang='lat' dir='ltr'>inquilinorum</span> <span class='ocrx_word' id='word_1_205' title='bbox 1512 3737 1788 3806; x_wconf 84' lang='lat' dir='ltr'>proxima</span> <span class='ocrx_word' id='word_1_206' title='bbox 1845 3737 2090 3805; x_wconf 83' lang='lat' dir='ltr'>agnatio</span> <span class='ocrx_word' id='word_1_207' title='bbox 2146 3737 2243 3792; x_wconf 83' lang='lat' dir='ltr'>vel</span> <span class='ocrx_word' id='word_1_208' title='bbox 2294 3736 2578 3792; x_wconf 88' lang='lat' dir='ltr'>adfinitas</span> <span class='ocrx_word' id='word_1_209' title='bbox 2612 3736 3007 3804; x_wconf 82' lang='lat' dir='ltr'>permaneret.</span> 
     </span>
     <span class='ocr_line' id='line_1_29' title="bbox 448 3819 3007 3900; baseline 0 -24"><span class='ocrx_word' id='word_1_210' title='bbox 448 3819 589 3887; x_wconf 84' lang='lat' dir='ltr'>Quis</span> <span class='ocrx_word' id='word_1_211' title='bbox 642 3823 805 3877; x_wconf 91' lang='lat' dir='ltr'>enim</span> <span class='ocrx_word' id='word_1_212' title='bbox 856 3821 1011 3878; x_wconf 84' lang='lat' dir='ltr'>ferat</span> <span class='ocrx_word' id='word_1_213' title='bbox 1059 3822 1279 3879; x_wconf 88' lang='lat' dir='ltr'>liberos</span> <span class='ocrx_word' id='word_1_214' title='bbox 1314 3838 1350 3878; x_wconf 90' lang='lat' dir='ltr'>a</span> <span class='ocrx_word' id='word_1_215' title='bbox 1384 3824 1754 3893; x_wconf 60' lang='lat' dir='ltr'>parentibus</span> <span class='ocrx_word' id='word_1_216' title='bbox 1790 3840 1826 3880; x_wconf 90' lang='lat' dir='ltr'>a</span> <span class='ocrx_word' id='word_1_217' title='bbox 1860 3823 2145 3880; x_wconf 84' lang='lat' dir='ltr'>fratribus</span> <span class='ocrx_word' id='word_1_218' title='bbox 2180 3838 2431 3892; x_wconf 91' lang='lat' dir='ltr'>sorores,</span> <span class='ocrx_word' id='word_1_219' title='bbox 2468 3838 2502 3900; x_wconf 74' lang='lat' dir='ltr'>a</span> <span class='ocrx_word' id='word_1_220' title='bbox 2538 3823 2684 3879; x_wconf 83' lang='lat' dir='ltr'>viris</span> <span class='ocrx_word' id='word_1_221' title='bbox 2720 3822 3007 3890; x_wconf 84' lang='lat' dir='ltr'>conjuges</span> 
     </span>
     <span class='ocr_line' id='line_1_30' title="bbox 449 3908 3006 3980; baseline 0 -19"><span class='ocrx_word' id='word_1_222' title='bbox 449 3909 787 3978; x_wconf 83' lang='lat' dir='ltr'>segregari?</span> <span class='ocrx_word' id='word_1_223' title='bbox 841 3909 1035 3978; x_wconf 84' lang='lat' dir='ltr'>Igitur</span> <span class='ocrx_word' id='word_1_224' title='bbox 1087 3910 1138 3965; x_wconf 91' lang='lat' dir='ltr'>si</span> <span class='ocrx_word' id='word_1_225' title='bbox 1194 3910 1297 3979; x_wconf 89' lang='lat' dir='ltr'>qui</span> <span class='ocrx_word' id='word_1_226' title='bbox 1359 3910 1679 3967; x_wconf 83' lang='lat' dir='ltr'>dissociata</span> <span class='ocrx_word' id='word_1_227' title='bbox 1715 3911 1779 3966; x_wconf 91' lang='lat' dir='ltr'>in</span> <span class='ocrx_word' id='word_1_228' title='bbox 1809 3912 1915 3980; x_wconf 84' lang='lat' dir='ltr'>J&#39;us</span> <span class='ocrx_word' id='word_1_229' title='bbox 1952 3912 2257 3967; x_wconf 86' lang='lat' dir='ltr'>diversum</span> <span class='ocrx_word' id='word_1_230' title='bbox 2296 3910 2606 3980; x_wconf 81' lang='lat' dir='ltr'>mancipia</span> <span class='ocrx_word' id='word_1_231' title='bbox 2630 3909 2725 3965; x_wconf 86' lang='lat' dir='ltr'>vel</span> <span class='ocrx_word' id='word_1_232' title='bbox 2764 3908 3006 3965; x_wconf 88' lang='lat' dir='ltr'>colonos</span> 
     </span>
     <span class='ocr_line' id='line_1_31' title="bbox 449 3995 1993 4068; baseline 0.003 -18"><span class='ocrx_word' id='word_1_233' title='bbox 449 3995 759 4066; x_wconf 77' lang='lat' dir='ltr'>traxerint,</span> <span class='ocrx_word' id='word_1_234' title='bbox 793 3996 859 4052; x_wconf 92' lang='lat' dir='ltr'>in</span> <span class='ocrx_word' id='word_1_235' title='bbox 899 4011 1089 4053; x_wconf 90' lang='lat' dir='ltr'>unum</span> <span class='ocrx_word' id='word_1_236' title='bbox 1128 3998 1340 4053; x_wconf 89' lang='lat' dir='ltr'>eadem</span> <span class='ocrx_word' id='word_1_237' title='bbox 1378 3999 1642 4068; x_wconf 84' lang='lat' dir='ltr'>redigere</span> <span class='ocrx_word' id='word_1_238' title='bbox 1679 4000 1993 4055; x_wconf 85' lang='lat' dir='ltr'>conantur.</span> 
     </span>
    </p>

    <p class='ocr_par' dir='ltr' id='par_1_14' title="bbox 519 4082 1165 4152">
     <span class='ocr_line' id='line_1_32' title="bbox 519 4082 1165 4152; baseline 0.003 -15"><span class='ocrx_word' id='word_1_239' title='bbox 519 4083 560 4150; x_wconf 83' lang='lat'>¹)</span> <span class='ocrx_word' id='word_1_240' title='bbox 595 4082 745 4139; x_wconf 85' lang='lat' dir='ltr'>Vide</span> <span class='ocrx_word' id='word_1_241' title='bbox 780 4098 835 4152; x_wconf 89' lang='lat' dir='ltr'>p.</span> <span class='ocrx_word' id='word_1_242' title='bbox 872 4084 904 4138; x_wconf 82' lang='lat'><strong>7</strong></span> <span class='ocrx_word' id='word_1_243' title='bbox 940 4084 1077 4139; x_wconf 90' lang='lat' dir='ltr'>adn.</span> <span class='ocrx_word' id='word_1_244' title='bbox 1111 4085 1165 4139; x_wconf 85' lang='lat'>4.</span> 
     </span>
    </p>

    <p class='ocr_par' dir='ltr' id='par_1_15' title="bbox 452 4169 3012 4939">
     <span class='ocr_line' id='line_1_33' title="bbox 518 4169 3005 4239; baseline -0.001 -14"><span class='ocrx_word' id='word_1_245' title='bbox 518 4169 560 4237; x_wconf 84' lang='lat'>⁸)</span> <span class='ocrx_word' id='word_1_246' title='bbox 596 4171 658 4225; x_wconf 83' lang='lat' dir='ltr'>L.</span> <span class='ocrx_word' id='word_1_247' title='bbox 695 4172 745 4226; x_wconf 92' lang='lat'>1.</span> <span class='ocrx_word' id='word_1_248' title='bbox 781 4172 815 4239; x_wconf 65' lang='grc' dir='ltr'>ξ</span> <span class='ocrx_word' id='word_1_249' title='bbox 850 4173 903 4226; x_wconf 80' lang='grc'>3.</span> <span class='ocrx_word' id='word_1_250' title='bbox 939 4170 1109 4226; x_wconf 86' lang='lat' dir='ltr'>C.Th.</span> <span class='ocrx_word' id='word_1_251' title='bbox 1145 4170 1218 4226; x_wconf 88' lang='lat' dir='ltr'>V.</span> <span class='ocrx_word' id='word_1_252' title='bbox 1255 4172 1338 4226; x_wconf 89' lang='grc'>10.</span> <span class='ocrx_word' id='word_1_253' title='bbox 1375 4172 1447 4227; x_wconf 92' lang='lat' dir='ltr'>In</span> <span class='ocrx_word' id='word_1_254' title='bbox 1502 4172 1742 4228; x_wconf 86' lang='lat' dir='ltr'>feminis</span> <span class='ocrx_word' id='word_1_255' title='bbox 1795 4187 1948 4228; x_wconf 86' lang='lat' dir='ltr'>sane</span> <span class='ocrx_word' id='word_1_256' title='bbox 2002 4172 2483 4229; x_wconf 81' lang='lat' dir='ltr'>observationem</span> <span class='ocrx_word' id='word_1_257' title='bbox 2535 4171 2821 4227; x_wconf 85' lang='lat' dir='ltr'>volumus</span> <span class='ocrx_word' id='word_1_258' title='bbox 2873 4184 3005 4225; x_wconf 89' lang='lat' dir='ltr'>esse</span> 
     </span>
     <span class='ocr_line' id='line_1_34' title="bbox 452 4255 3006 4329; baseline 0 -19"><span class='ocrx_word' id='word_1_259' title='bbox 452 4255 765 4315; x_wconf 81' lang='lat' dir='ltr'>diversam.</span> <span class='ocrx_word' id='word_1_260' title='bbox 817 4258 1028 4328; x_wconf 86' lang='lat' dir='ltr'>Itaque</span> <span class='ocrx_word' id='word_1_261' title='bbox 1084 4259 1424 4329; x_wconf 88' lang='lat' dir='ltr'>mulierum,</span> <span class='ocrx_word' id='word_1_262' title='bbox 1484 4274 1638 4328; x_wconf 87' lang='lat' dir='ltr'>quae</span> <span class='ocrx_word' id='word_1_263' title='bbox 1689 4259 1877 4316; x_wconf 84' lang='lat' dir='ltr'>fuisse</span> <span class='ocrx_word' id='word_1_264' title='bbox 1931 4259 2281 4328; x_wconf 84' lang='lat' dir='ltr'>originariae</span> <span class='ocrx_word' id='word_1_265' title='bbox 2335 4259 2727 4324; x_wconf 89' lang='lat' dir='ltr'>docebuntur,</span> <span class='ocrx_word' id='word_1_266' title='bbox 2762 4257 2814 4312; x_wconf 88' lang='lat' dir='ltr'>si</span> <span class='ocrx_word' id='word_1_267' title='bbox 2864 4259 3006 4312; x_wconf 86' lang='lat' dir='ltr'>ante</span> 
     </span>
     <span class='ocr_line' id='line_1_35' title="bbox 452 4333 3007 4416; baseline 0 -18"><span class='ocrx_word' id='word_1_268' title='bbox 452 4344 803 4401; x_wconf 82' lang='lat' dir='ltr'>vicesimum</span> <span class='ocrx_word' id='word_1_269' title='bbox 838 4361 1072 4411; x_wconf 80' lang='lat' dir='ltr'>annum</span> <span class='ocrx_word' id='word_1_270' title='bbox 1109 4347 1181 4401; x_wconf 90' lang='lat' dir='ltr'>de</span> <span class='ocrx_word' id='word_1_271' title='bbox 1218 4346 1360 4416; x_wconf 90' lang='lat' dir='ltr'>so10,</span> <span class='ocrx_word' id='word_1_272' title='bbox 1399 4349 1496 4402; x_wconf 92' lang='lat' dir='ltr'>cui</span> <span class='ocrx_word' id='word_1_273' title='bbox 1533 4348 1926 4416; x_wconf 81' lang='lat' dir='ltr'>debebantur,</span> <span class='ocrx_word' id='word_1_274' title='bbox 1961 4346 2380 4412; x_wconf 83' lang='lat' dir='ltr'>abscesserint,</span> <span class='ocrx_word' id='word_1_275' title='bbox 2418 4333 2698 4400; x_wconf 76' lang='lat' dir='ltr'>univers&#39;a</span> <span class='ocrx_word' id='word_1_276' title='bbox 2733 4344 3007 4414; x_wconf 84' lang='lat' dir='ltr'>repetitio</span> 
     </span>
     <span class='ocr_line' id='line_1_36' title="bbox 452 4432 3007 4503; baseline 0.001 -18"><span class='ocrx_word' id='word_1_277' title='bbox 452 4434 651 4487; x_wconf 88' lang='lat' dir='ltr'>cesset</span> <span class='ocrx_word' id='word_1_278' title='bbox 663 4448 679 4500; x_wconf 89' lang='lat'>;</span> <span class='ocrx_word' id='word_1_279' title='bbox 729 4447 939 4489; x_wconf 88' lang='lat' dir='ltr'>earum</span> <span class='ocrx_word' id='word_1_280' title='bbox 999 4447 1155 4503; x_wconf 84' lang='lat' dir='ltr'>vero,</span> <span class='ocrx_word' id='word_1_281' title='bbox 1209 4448 1466 4502; x_wconf 89' lang='lat' dir='ltr'>quarum</span> <span class='ocrx_word' id='word_1_282' title='bbox 1502 4434 1662 4490; x_wconf 87' lang='lat' dir='ltr'>intra</span> <span class='ocrx_word' id='word_1_283' title='bbox 1708 4435 2214 4503; x_wconf 88' lang='lat' dir='ltr'>comprehensum</span> <span class='ocrx_word' id='word_1_284' title='bbox 2251 4435 2495 4502; x_wconf 85' lang='lat' dir='ltr'>tempus</span> <span class='ocrx_word' id='word_1_285' title='bbox 2531 4432 2816 4488; x_wconf 87' lang='lat' dir='ltr'>discessio</span> <span class='ocrx_word' id='word_1_286' title='bbox 2853 4446 3007 4487; x_wconf 87' lang='lat' dir='ltr'>com·</span> 
     </span>
     <span class='ocr_line' id='line_1_37' title="bbox 453 4519 3006 4590; baseline 0.001 -18"><span class='ocrx_word' id='word_1_287' title='bbox 453 4519 750 4588; x_wconf 88' lang='lat' dir='ltr'>probatur,</span> <span class='ocrx_word' id='word_1_288' title='bbox 804 4534 872 4576; x_wconf 87' lang='lat' dir='ltr'>ac</span> <span class='ocrx_word' id='word_1_289' title='bbox 910 4520 983 4576; x_wconf 88' lang='lat' dir='ltr'>de</span> <span class='ocrx_word' id='word_1_290' title='bbox 1019 4520 1367 4576; x_wconf 82' lang='lat' dir='ltr'>condicione</span> <span class='ocrx_word' id='word_1_291' title='bbox 1406 4521 1574 4577; x_wconf 89' lang='lat' dir='ltr'>nulla</span> <span class='ocrx_word' id='word_1_292' title='bbox 1610 4521 1905 4584; x_wconf 75' lang='lat' dir='ltr'>dubitatio</span> <span class='ocrx_word' id='word_1_293' title='bbox 1942 4527 2053 4590; x_wconf 87' lang='lat' dir='ltr'>est,</span> <span class='ocrx_word' id='word_1_294' title='bbox 2089 4534 2333 4590; x_wconf 79' lang='lat' dir='ltr'>prorsus</span> <span class='ocrx_word' id='word_1_295' title='bbox 2370 4520 2630 4575; x_wconf 89' lang='lat' dir='ltr'>dominis</span> <span class='ocrx_word' id='word_1_296' title='bbox 2665 4520 2855 4589; x_wconf 88' lang='lat' dir='ltr'>perire</span> <span class='ocrx_word' id='word_1_297' title='bbox 2886 4534 3006 4575; x_wconf 93' lang='lat' dir='ltr'>non</span> 
     </span>
     <span class='ocr_line' id='line_1_38' title="bbox 457 4605 3009 4678; baseline 0.001 -19"><span class='ocrx_word' id='word_1_298' title='bbox 457 4605 743 4675; x_wconf 88' lang='lat' dir='ltr'>sinemus,</span> <span class='ocrx_word' id='word_1_299' title='bbox 797 4621 869 4663; x_wconf 86' lang='lat' dir='ltr'>ea</span> <span class='ocrx_word' id='word_1_300' title='bbox 920 4608 1125 4663; x_wconf 86' lang='lat' dir='ltr'>tamen</span> <span class='ocrx_word' id='word_1_301' title='bbox 1182 4608 1530 4664; x_wconf 89' lang='lat' dir='ltr'>condicione</span> <span class='ocrx_word' id='word_1_302' title='bbox 1583 4609 1839 4678; x_wconf 87' lang='lat' dir='ltr'>servata,</span> <span class='ocrx_word' id='word_1_303' title='bbox 1895 4610 1965 4663; x_wconf 91' lang='lat' dir='ltr'>ut</span> <span class='ocrx_word' id='word_1_304' title='bbox 2015 4608 2236 4663; x_wconf 87' lang='lat' dir='ltr'>vicaria</span> <span class='ocrx_word' id='word_1_305' title='bbox 2289 4622 2427 4662; x_wconf 87' lang='lat' dir='ltr'>cum</span> <span class='ocrx_word' id='word_1_306' title='bbox 2465 4607 2785 4675; x_wconf 79' lang='lat' dir='ltr'>agnatione</span> <span class='ocrx_word' id='word_1_307' title='bbox 2823 4607 3009 4676; x_wconf 83' lang='lat' dir='ltr'>partis</span> 
     </span>
     <span class='ocr_line' id='line_1_39' title="bbox 460 4691 3010 4764; baseline 0 -17"><span class='ocrx_word' id='word_1_308' title='bbox 460 4691 667 4748; x_wconf 71' lang='lat' dir='ltr'>tertiae</span> <span class='ocrx_word' id='word_1_309' title='bbox 727 4707 846 4749; x_wconf 92' lang='lat' dir='ltr'>non</span> <span class='ocrx_word' id='word_1_310' title='bbox 895 4695 1166 4763; x_wconf 84' lang='lat' dir='ltr'>negetur,</span> <span class='ocrx_word' id='word_1_311' title='bbox 1220 4709 1374 4762; x_wconf 87' lang='lat' dir='ltr'>quae</span> <span class='ocrx_word' id='word_1_312' title='bbox 1429 4695 1501 4750; x_wconf 88' lang='lat' dir='ltr'>de</span> <span class='ocrx_word' id='word_1_313' title='bbox 1559 4694 1768 4750; x_wconf 88' lang='lat' dir='ltr'>colono</span> <span class='ocrx_word' id='word_1_314' title='bbox 1804 4698 2090 4764; x_wconf 86' lang='lat' dir='ltr'>suscepta</span> <span class='ocrx_word' id='word_1_315' title='bbox 2124 4697 2221 4751; x_wconf 90' lang='lat' dir='ltr'>est</span> <span class='ocrx_word' id='word_1_316' title='bbox 2254 4694 2464 4761; x_wconf 86' lang='lat' dir='ltr'>alieno,</span> <span class='ocrx_word' id='word_1_317' title='bbox 2501 4693 2589 4749; x_wconf 89' lang='lat' dir='ltr'>ita</span> <span class='ocrx_word' id='word_1_318' title='bbox 2624 4696 2696 4749; x_wconf 90' lang='lat' dir='ltr'>ut</span> <span class='ocrx_word' id='word_1_319' title='bbox 2730 4708 2834 4763; x_wconf 90' lang='lat' dir='ltr'>pro</span> <span class='ocrx_word' id='word_1_320' title='bbox 2871 4693 3010 4750; x_wconf 86' lang='lat' dir='ltr'>filiis</span> 
     </span>
     <span class='ocr_line' id='line_1_40' title="bbox 461 4781 3012 4852; baseline 0.002 -20"><span class='ocrx_word' id='word_1_321' title='bbox 461 4792 692 4848; x_wconf 87' lang='lat' dir='ltr'>quoque</span> <span class='ocrx_word' id='word_1_322' title='bbox 729 4782 1009 4836; x_wconf 89' lang='lat' dir='ltr'>contrarii</span> <span class='ocrx_word' id='word_1_323' title='bbox 1046 4782 1461 4850; x_wconf 89' lang='lat' dir='ltr'>praebeantur.</span> <span class='ocrx_word' id='word_1_324' title='bbox 1508 4812 1559 4821; x_wconf 90' lang='lat'><em>-</em></span> <span class='ocrx_word' id='word_1_325' title='bbox 1603 4781 2009 4838; x_wconf 86' lang='lat' dir='ltr'>Gothofredus</span> <span class='ocrx_word' id='word_1_326' title='bbox 2032 4784 2259 4838; x_wconf 87' lang='lat' dir='ltr'>mutat:</span> <span class='ocrx_word' id='word_1_327' title='bbox 2282 4795 2456 4851; x_wconf 87' lang='lat' dir='ltr'>„cum</span> <span class='ocrx_word' id='word_1_328' title='bbox 2485 4781 2826 4849; x_wconf 83' lang='lat' dir='ltr'>agnationis</span> <span class='ocrx_word' id='word_1_329' title='bbox 2843 4783 3012 4852; x_wconf 76' lang='lat' dir='ltr'>parte</span> 
     </span>
     <span class='ocr_line' id='line_1_41' title="bbox 464 4866 2186 4939; baseline 0.003 -20"><span class='ocrx_word' id='word_1_330' title='bbox 464 4866 685 4936; x_wconf 84' lang='lat' dir='ltr'>tertia”,</span> <span class='ocrx_word' id='word_1_331' title='bbox 720 4867 1064 4936; x_wconf 88' lang='lat' dir='ltr'>hujusmodi</span> <span class='ocrx_word' id='word_1_332' title='bbox 1105 4868 1332 4938; x_wconf 88' lang='lat' dir='ltr'>aliquid</span> <span class='ocrx_word' id='word_1_333' title='bbox 1368 4868 1631 4938; x_wconf 84' lang='lat' dir='ltr'>profecto</span> <span class='ocrx_word' id='word_1_334' title='bbox 1667 4871 2042 4939; x_wconf 85' lang='lat' dir='ltr'>propositum</span> <span class='ocrx_word' id='word_1_335' title='bbox 2077 4871 2186 4924; x_wconf 89' lang='lat' dir='ltr'>est.</span> 
     </span>
    </p>
   </div>
  </div>
 </body>
</html>
