3770 5738
1654 503 1781 566 169

436 703 859 784 potestatem
928 701 1391 781 magistratus
1460 716 1784 764 exercere
1859 701 2138 781 poterat
2163 693 2235 781 1),
2294 701 2413 765 sed
2464 718 2507 765 a
2555 702 3000 784 conductore,

437 820 842 902 plerumque
886 819 1163 883 homine
1218 818 1479 883 illustri
1530 818 1811 898 quidem
1864 818 2011 882 1000
2052 821 2241 898 nato,
2269 819 2389 883 sed
2418 821 2656 884 tamen
2686 821 2996 901 privato:

436 941 842 1020 procurator
889 935 1297 1001 conductori
1348 935 1742 1000 indulserat
1795 938 1918 1019 „ut
1964 935 2200 1000 missis
2228 935 2575 1001 militibus
2602 937 2671 1001 in
2699 938 2996 1003 eundem

436 1056 696 1121 saltum
769 1054 1289 1119 Burunitanum
1361 1053 1634 1133 aliquos
1703 1056 2027 1118 nostrum
2097 1054 2521 1135 adprehendi
2595 1058 2669 1120 et
2731 1058 2994 1138 vexari,

436 1173 706 1255 aliquos
754 1173 1027 1250 vinciri,
1079 1172 1453 1237 nonnullos
1505 1172 1698 1237 cives
1746 1172 1962 1236 etiam
2014 1172 2363 1237 Romanos
2410 1155 2628 1254 virgis
2675 1176 2749 1239 et
2800 1174 3000 1240 fusti·

437 1293 566 1357 bus
613 1291 812 1357 caedi
854 1290 1219 1372 Jusserit'’.
1270 1290 1363 1354 Hi
1414 1290 1641 1355 coloni
1684 1289 1883 1354 liberi
1937 1291 2175 1371 erant3
2202 1291 2661 1357 adhaerentia
2688 1294 3001 1358 nondum

437 1410 507 1475 in
558 1410 746 1491 leges
785 1412 940 1475 erat
987 1411 1302 1491 recepta3
1350 1411 1586 1473 tamen
1639 1408 1905 1473 milites
1951 1409 2299 1474 auxilium
2341 1409 2580 1475 ferunt
2618 1412 3000 1477 utobnoxii

439 1545 718 1594 manere
780 1531 1156 1609 cogantur;
1228 1529 1355 1592 hoc
1418 1544 1555 1592 non
1606 1527 1917 1608 legitime
1965 1528 2233 1592 factum
2283 1503 2437 1593 esse
2485 1545 2571 1593 ex
2613 1530 3002 1595 abundanti

438 1664 525 1712 ex
572 1663 652 1712 eo
700 1648 1013 1728 apparet,
1067 1645 1249 1726 quod
1299 1645 1524 1711 coloni
1572 1655 1966 1727 queruntur
2017 1646 2098 1710 de
2144 1647 2274 1711 hac
2322 1663 2415 1711 re.
2467 1647 2713 1728 Itaque
2739 1665 3001 1729 posses·

437 1782 652 1847 00100,
702 1764 816 1829 vel
864 1781 1104 1830 eorum
1152 1764 1419 1846 vicarii,
1469 1781 1512 1829 a
1559 1764 1910 1828 ministris
1958 1765 2056 1828 rei
2105 1764 2423 1854 public-ae
2463 1765 2612 1846 jam
2657 1766 3001 1831 auxilium

437 1884 874 1965 accipiebant
915 1885 998 1948 ut
1044 1882 1325 1947 colonos
1372 1883 1710 1982 obnoxios
1747 1884 2094 1963 tenerent,
2143 1886 2522 1964 antequam
2548 1884 3003 1949 adhaerentia

438 2002 750 2083 legitime
797 2003 871 2067 et
934 2001 1209 2082 publice
1257 2005 1410 2065 erat
1458 2001 1814 2065 instituta.
1866 2001 1947 2065 In
1995 2001 2123 2066 tali
2169 2001 2435 2067 auxilio
2476 2019 2613 2067 non
2667 2003 3000 2084 legitime,

441 2138 485 2186 a
545 2120 1077 2201 magistratibus
1145 2119 1261 2184 vel
1331 2119 1778 2184 auctoritatis
1845 2119 2164 2200 publicae
2238 2120 2675 2186 administris
2737 2139 3001 2203 posses-

442 2240 720 2305 soribus
791 2238 957 2321 late,
1006 2237 1215 2302 initia
1260 2238 1492 2303 inesse
1541 2237 1711 2302 mihi
1757 2237 2113 2319 videntur,
2163 2254 2200 2302 e
2249 2239 2501 2320 quibus
2547 2239 3003 2306 adhaerentia

442 2360 599 2423 orta
665 2373 819 2422 esse
883 2356 1354 2422 existimanda
1400 2356 1516 2421 sit.
1566 2354 1735 2420 Inde
1782 2355 2049 2421 factum
2103 2358 2213 2421 est
2252 2392 2315 2403 —
2353 2360 2428 2422 et
2473 2357 2655 2438 quod
2695 2359 2825 2423 hoc
2870 2358 3001 2424 fac-

443 2477 595 2540 tum
641 2476 746 2540 ita
793 2474 1130 2556 explicari
1176 2477 1435 2556 potest,
1485 2475 1551 2539 id
1608 2476 1834 2557 ipsum
1876 2475 2072 2540 illam
2097 2476 2572 2557 conjecturam
2597 2493 2825 2542 meam
2850 2494 3001 2542 con-

441 2593 675 2659 firmat
703 2630 764 2640 -
825 2596 911 2659 ut
959 2595 1222 2674 primae
1272 2593 1480 2674 leges,
1531 2611 1707 2674 quae
1749 2594 1951 2659 nobis
1998 2595 2306 2659 traditae
2355 2597 2544 2674 sunt,
2595 2595 2768 2660 nihil
2815 2595 3001 2660 aliud

441 2712 922 2802 praescribant
992 2729 1200 2792 quam
1262 2712 1410 2790 hoo,
1463 2713 1544 2776 ut
1592 2712 1817 2777 coloni
1865 2711 2149 2793 fugitivi
2192 2713 2620 2778 reducantur
2668 2716 2742 2778 et
2787 2715 2871 2778 ut
2917 2729 3005 2777 ne

440 2831 541 2898 eis
592 2830 803 2897 liceat
847 2829 1119 2913 fugere3
1170 2830 1298 2895 hae
1345 2829 1534 2911 leges
1581 2830 1798 2911 igitur
1846 2847 1968 2912 pro
2018 2847 2183 2896 vero
2232 2831 2588 2913 accipiunt
2634 2831 3005 2897 adhaeren-

439 2950 615 3015 tiam
653 2952 921 3031 extare,
971 2950 1089 3014 sed
1140 2949 1422 3014 eaedem
1467 2950 1877 3014 constanter
1926 2952 1999 3014 et
2047 2949 2329 3015 definite
2377 2967 2531 3015 eam
2578 2950 3006 3032 proclamare

440 3068 656 3133 etiam
741 3067 1224 3150 supersedent.
1318 3066 1505 3132 Talis
1602 3067 2079 3150 proclamatio,
2172 3085 2309 3150 qua
2403 3068 2701 3133 totidem
2769 3069 3006 3133 verbis

442 3187 839 3252 declaratur
910 3187 1191 3252 colonos
1261 3185 1408 3251 solo
1494 3184 1876 3251 adstrictos
1947 3202 2102 3251 esse
2173 3203 2396 3268 neque
2444 3203 2605 3267 ergo
2646 3186 2748 3251 eis
2798 3188 3005 3252 licere

444 3303 817 3386 discedere,
880 3305 951 3369 in
1024 3304 1466 3386 posteriobus
1519 3304 1790 3385 legibus
1836 3303 2119 3369 demum
2168 3305 2375 3369 inest.
2427 3304 2615 3386 Quae
2663 3305 2898 3371 omnia
2944 3305 3003 3369 si

444 3424 542 3489 ita
611 3427 805 3506 sunt,
882 3440 1019 3488 non
1095 3423 1569 3488 necessarium
1649 3426 1761 3487 est
1824 3439 2100 3487 sumere
2173 3422 2418 3504 legem,
2493 3439 2670 3503 quae
2720 3422 3005 3487 disertis

444 3542 676 3608 verbis
738 3540 1264 3607 adhaerentiam
1336 3541 1849 3622 constituisset,
1906 3540 2379 3623 inexplicabili
2428 3540 2629 3606 modo
2677 3541 3002 3622 periisse;

443 3660 655 3727 immo
702 3660 1058 3742 probabile
1110 3661 1222 3725 est
1268 3659 1535 3724 factum
1580 3658 1840 3740 primas
1889 3659 2097 3741 leges,
2146 3675 2324 3739 quae
2351 3658 2434 3723 de
2453 3658 2612 3740 ,iure
2637 3658 3006 3724 colonatus

443 3779 749 3845 traditae
813 3780 1004 3861 sunt,
1075 3795 1149 3843 re
1222 3795 1390 3843 vera
1435 3776 1699 3858 primas
1743 3776 1984 3860 fuisse,
2033 3793 2211 3857 quae
2254 3776 2337 3841 de
2387 3793 2466 3841 eo
2515 3777 2662 3841 sint
2709 3776 3004 3858 promul-

445 3901 649 3980 gatae
676 3893 767 3977 2);
838 3912 1259 3977 quamquam
1334 3895 1427 3978 id,
1502 3895 1764 3976 opinor,
1834 3894 1981 3959 fieri
2057 3894 2309 3976 potuit,
2360 3897 2442 3959 ut
2490 3912 2630 3959 una
2677 3895 3005 3976 pluresve

516 4169 557 4238 ²)
593 4166 856 4224 conferri
911 4169 1115 4237 potest
1170 4167 1347 4222 Plinii
1400 4166 1475 4222 ad
1530 4166 1854 4235 Trajanum
1910 4167 2082 4235 epist.
2135 4166 2223 4223 27.
2277 4166 2598 4235 Maximus,
2652 4166 2907 4222 libertus
2944 4168 3006 4222 et

448 4256 794 4325 procurator
837 4257 1000 4321 tune,
1038 4255 1296 4321 domine,
1333 4257 1569 4323 praeter
1605 4254 1811 4309 decem
1850 4253 2275 4322 beneficiarios,
2310 4266 2462 4322 quos
2499 4252 2800 4322 adsignari
2838 4267 2874 4309 a
2909 4268 3006 4309 me

448 4342 799 4411 GemellinO,
857 4343 1082 4412 optimo
1139 4342 1280 4411 vir0,
1328 4342 1586 4411 jussisti,
1639 4341 1752 4397 sibi
1805 4355 2043 4410 quoque
2100 4340 2420 4396 confirmat
2472 4342 2838 4396 necessarios
2873 4355 3005 4396 esse

448 4429 690 4486 milites.
724 4430 815 4485 Ex
854 4429 949 4484 bis
984 4429 1230 4485 interim
1253 4470 1266 4484 .
1289 4470 1302 4483 .
1323 4469 1336 4483 .
1359 4470 1388 4498 .,
1425 4429 1585 4485 sicut
1620 4428 1971 4484 inveneram
1995 4428 2058 4482 in
2077 4427 2412 4483 ministerio
2430 4427 2562 4495 ejus
2581 4426 3007 4496 relinquendos

450 4517 813 4583 existimavi,
868 4517 1219 4586 praesertim
1272 4531 1412 4572 cum
1468 4516 1542 4571 ad
1590 4514 1968 4570 frumentum
2005 4514 2469 4585 comparandum
2511 4514 2627 4570 iret
2659 4514 2723 4570 in
2762 4514 3006 4583 Paphla·

449 4605 710 4674 goniam.
748 4604 901 4671 Quin
941 4605 1123 4659 etiam
1164 4604 1389 4659 tutelae
1427 4616 1625 4670 causa,
1663 4602 1803 4670 quia
1821 4602 1908 4657 ita
1933 4601 2323 4671 desiderabat,
2348 4601 2549 4656 addidi
2577 4600 2729 4657 duos
2753 4602 3008 4670 equites,

519 4693 557 4755 ²)
597 4692 659 4747 L.
715 4693 763 4747 1.
815 4691 875 4747 C.
930 4691 1038 4746 Th.
1092 4691 1164 4746 V.
1214 4691 1267 4746 9.
1320 4703 1480 4746 011110
1533 4689 1652 4759 332,
1705 4689 1902 4758 prima
1955 4689 2055 4744 lex
2092 4690 2185 4744 est
2219 4689 2283 4744 in
2320 4703 2437 4757 qua
2473 4689 2635 4744 certo
2671 4689 2897 4744 certius
2933 4689 3006 4744 de

448 4779 678 4835 colonis
732 4778 1200 4835 adhaerentibus
1256 4778 1472 4847 agitur.
1528 4777 1643 4833 Sed
1680 4775 1934 4832 fortasse
1964 4776 2092 4844 jam
2126 4776 2181 4831 is
2216 4776 2465 4832 colonus
2500 4775 2591 4831 vel
2630 4776 3005 4846 tributarius,

450 4867 522 4923 de
558 4880 678 4936 quo
711 4866 839 4936 agit
874 4866 935 4922 L.
977 4865 1027 4921 2.
1065 4864 1124 4921 C.
1162 4864 1271 4921 Th.
1304 4865 1412 4921 XI.
1449 4865 1499 4920 7.
1538 4868 1720 4932 (anno
1755 4863 1878 4933 319)
1917 4865 2043 4920 0010
2078 4863 2410 4920 adstrictus
2445 4865 2590 4920 erat.
