3770 5738
1720 494 1805 559 79

456 713 547 761 eo
594 696 805 777 potiti
852 697 1045 777 sunt,
1098 694 1375 759 domino
1425 696 1638 774 atque
1688 692 1971 774 praedio
2019 692 2443 757 restituendi
2480 695 2651 757 sunt
2676 687 2766 774 ¹);
2818 702 3041 774 neque

457 815 533 879 in
587 814 843 879 militia
889 812 976 878 ad
1036 829 1457 894 quemquam
1506 811 1801 891 gradum
1847 811 2227 876 ascendere
2250 810 2514 885 ‚licebat
2539 807 2608 887 2).
2660 810 3038 892 Praecipue

461 932 937 1013 adscripticiis
994 931 1452 996 interdictum
1500 932 1654 994 erat
1707 946 1793 993 ne
1842 929 2280 1011 apparitores
2331 929 2777 1008 magisteriae
2819 931 3042 1009 potes·

465 1051 647 1115 tatis
714 1049 965 1114 fierent
992 1044 1065 1125 3).
1139 1047 1378 1113 Coloni
1428 1065 1564 1112 non
1614 1047 1948 1112 tabularii
1997 1047 2348 1124 (officiales
2394 1047 2513 1128 qui
2561 1048 2632 1110 in
2681 1048 3043 1127 exigendis

467 1168 761 1233 tributis
834 1168 1331 1248 versabantur)
1400 1166 1705 1230 ordinari
1777 1168 2142 1245 poterant3
2226 1166 2335 1229 sin
2405 1169 2645 1230 autem
2717 1166 3043 1231 dominus

468 1304 590 1352 eos
636 1286 809 1351 sivit
855 1286 1136 1350 chartas
1183 1284 1500 1366 publicas
1546 1301 1771 1366 agere,
1820 1283 1941 1348 ille
1993 1283 2247 1348 rationi
2296 1283 2639 1349 obnoxius
2679 1284 2943 1349 mansit
2969 1280 3042 1367 ⁴).

470 1404 733 1469 Eadem
818 1403 961 1468 fere
1032 1405 1309 1467 statuta
1377 1402 1778 1467 invenimus
1850 1404 1933 1467 de
2006 1403 2270 1467 colonis
2341 1402 2438 1466 rei
2512 1403 2854 1483 privatae.
2952 1403 3044 1466 Hi

471 1538 747 1605 quoque
814 1522 898 1586 ad
972 1520 1246 1586 nullum
1315 1539 1573 1586 munus
1643 1504 2018 1586 adhibendi
2081 1523 2251 1585 sunt
2278 1517 2368 1604 ⁵);
2420 1521 2635 1585 etiam
2685 1520 2869 1603 apud
2919 1521 3046 1585 hos

472 1641 714 1705 nullus
785 1640 1080 1704 militiae
1151 1640 1407 1720 gradus
1482 1639 1842 1721 prohibuit
1914 1640 2287 1719 quominus
2362 1639 2447 1704 ad
2520 1640 2748 1704 solum
2807 1640 3046 1705 natale

477 1762 980 1824 revocarentur
1008 1752 1080 1843 6).

572 1876 832 1958 QUAM
902 1876 1139 1940 LATE
1209 1874 1742 1940 COLONATUS
1816 1874 2295 1940 PATUERIT.
2380 1875 2478 1940 Ut
2548 1893 3048 1957 cognoscamus

478 2013 685 2077 quam
749 1995 889 2059 late
917 1994 1282 2059 colonatus
1330 1994 1664 2075 patuerit,
1715 1996 2002 2058 tantum
2050 1994 2751 2059 animadvertendum
2801 1998 2913 2059 est
2959 1994 3045 2058 ad

480 2113 759 2179 nomina
827 2117 901 2177 et
968 2130 1260 2177 munera
1330 2129 1593 2194 eorum,
1664 2113 1751 2177 ad
1825 2130 1998 2192 quos
2046 2113 2595 2177 constitutiones
2654 2113 2737 2177 de
2786 2113 3049 2178 colonis

481 2235 649 2296 sunt
697 2232 1019 2313 directae,
1069 2232 1136 2294 in
1187 2248 1322 2312 quo
1368 2230 1579 2295 simul
1629 2231 1701 2295 in
1750 2230 2157 2295 memoriam
2204 2231 2599 2296 revocanda
2639 2234 2750 2296 est
2774 2231 3047 2312 imperii

484 2350 874 2430 descriptio.
929 2350 1022 2414 Eo
1071 2349 1212 2415 fere
1258 2352 1597 2431 tempore,
1650 2365 1784 2429 quo
1834 2348 2448 2414 colonatus-ortus
2497 2353 2628 2429 est,
2679 2349 3048 2430 imperium

486 2469 556 2532 in
612 2470 949 2550 quattuor
1017 2468 1495 2549 praefecturas
1563 2470 1713 2532 erat
1764 2467 2094 2549 divisum,
2144 2467 2397 2565 quibus
2445 2467 2742 2547 singulis
2790 2467 3049 2548 singuli

559 2669 597 2733 ¹)
636 2669 698 2724 L.
738 2670 821 2724 11.
859 2668 917 2725 C.
955 2669 1007 2725 J.
1047 2669 1156 2725 XI.
1187 2670 1272 2726 48.
1311 2669 1672 2739 originarios
1710 2669 1951 2725 colonos
1979 2669 2164 2725 nullis
2187 2670 2531 2738 privilegiis
2550 2669 2719 2725 nulla
2736 2669 3049 2741 dignitate,

491 2755 655 2811 nulla
687 2770 908 2812 census
944 2758 1307 2813 auctoritate
1334 2758 1623 2813 'excusari
1658 2757 2076 2826 praecipimus
2095 2757 2199 2812 sed
2224 2757 2559 2826 amputatis
2576 2758 2874 2828 omnibus²
2897 2771 3050 2827 quae

491 2843 846 2912 aliquotiens
882 2859 988 2914 per
1023 2846 1279 2914 gratiam
1317 2847 1467 2900 sunt
1503 2844 1717 2913 elicita,
1754 2844 1998 2900 domino
2033 2844 2129 2900 vel
2164 2844 2351 2901 fundo
2388 2858 2521 2900 esse
2555 2844 2909 2901 reddendos.

561 2932 600 2999 ²)
636 2931 699 2985 L.
737 2931 819 2986 18.
851 2933 913 2986 C.
947 2931 998 2987 J.
1039 2932 1147 2987 XI.
1185 2933 1269 2988 48.
1306 2932 1557 2988 Colonos
1595 2933 1763 2988 nulla
1798 2934 2029 2988 ratione
2066 2933 2139 2986 ad
2180 2928 2373 2988 ullum
2397 2933 2676 3001 quamvis
2704 2932 3047 2988 humilioris

495 3018 736 3074 militiae
771 3019 972 3075 locum
1009 3021 1270 3076 sinimus
1307 3021 1565 3075 admitti.
2281 3031 2296 3048 ·

562 3105 605 3167 ³)
642 3105 781 3161 ibid.
834 3107 949 3162 Sed
1003 3122 1115 3162 nec
1169 3109 1534 3177 apparitores
1588 3107 1971 3175 magisteriae
2026 3108 2349 3176 potestatis
2401 3108 2685 3163 censibus
2720 3108 3051 3177 adscriptos

495 3194 721 3263 probari
760 3195 1162 3264 concedimuS‚
1199 3195 1343 3264 quia
1378 3196 1442 3250 in
1480 3196 1590 3250 hac
1628 3195 1793 3263 parte
1830 3197 1895 3249 et
1920 3195 2301 3250 dominorum
2325 3195 2447 3263 juri
2473 3196 2535 3250 et
2549 3195 2821 3263 publicae
2841 3209 3050 3251 consu·

496 3282 676 3337 limus
711 3281 1033 3337 honestati.
1075 3313 1134 3321 —
1175 3283 1235 3337 L.
1274 3283 1324 3337 3.
1360 3283 1419 3337 C.
1458 3282 1510 3336 J.
1548 3282 1687 3337 XII.
1705 3283 1791 3336 54.
1816 3282 2058 3337 Probari
2078 3283 2443 3351 apparitores
2462 3282 2839 3349 magisteriae
2857 3284 3053 3351 potes-

497 3368 637 3422 tatis
688 3383 883 3437 neque
931 3370 1187 3425 curiales
1224 3384 1419 3438 neque
1456 3369 1793 3424 cohortales
1831 3384 2026 3437 neque
2064 3370 2349 3424 censibus
2387 3369 2669 3425 volumus
2702 3371 3050 3439 adscriptos

500 3485 552 3493 —
597 3453 747 3511 Vide
783 3456 994 3511 etiam:
1033 3457 1181 3512 Nov.
1220 3456 1437 3511 Theod.
1476 3455 1611 3511 VII.
1647 3457 1698 3511 4.
1737 3457 1770 3522 ξ
1807 3456 1856 3511 2.

554 3542 596 3611 ⁴)
633 3542 695 3596 L.
730 3543 781 3597 3.
817 3543 876 3598 C.
913 3543 965 3598 J.
1004 3543 1081 3598 X.
1116 3544 1202 3599 71.
1240 3544 1517 3599 G-nerali
1553 3542 1684 3612 lege
1721 3544 2049 3612 sancimuS,
2088 3545 2174 3608 ut,
2211 3543 2338 3598 sive
2359 3543 2564 3598 solidis
2582 3543 2907 3612 provinciis
2925 3544 3052 3598 sive

492 3628 743 3697 singulis
800 3631 1147 3686 civitatibus
1203 3631 1526 3686 necessarii
1584 3630 1811 3686 fuerint
1846 3630 2143 3698 tabularii,
2180 3630 2348 3685 liberi
2388 3630 2665 3686 homines
2698 3631 3053 3686 ordinentur

493 3729 687 3784 neque
741 3715 850 3772 ulli
901 3716 1185 3786 deinceps
1239 3718 1313 3773 ad
1368 3718 1479 3773 hoc
1534 3718 1799 3773 officium
1856 3719 2128 3786 patescat
2186 3718 2403 3786 adituS‚
2458 3719 2561 3786 qui
2615 3718 2697 3772 sit
2753 3718 3053 3772 obnoxius

490 3803 789 3859 servituti.
842 3804 958 3859 Sed
1016 3806 1078 3860 et
1131 3805 1182 3860 si
1231 3805 1366 3873 quis
1403 3805 1784 3861 dominorum
1824 3819 2070 3860 servum
2108 3819 2290 3860 suum
2329 3805 2456 3859 sive
2494 3804 2773 3860 colonum
2810 3805 3053 3859 chartas

491 3890 760 3959 publicas
817 3906 992 3959 agere
1049 3893 1389 3961 permiserit
1450 3894 1838 3962 (consensum
1893 3893 2074 3960 enim,
2129 3907 2252 3947 non
2307 3893 2711 3960 ignorantiam
2768 3892 3053 3947 volumus

491 3978 774 4048 obligarit,
829 3979 1030 4047 ipsum
1091 3979 1353 4049 quidem,
1413 3980 1476 4034 in
1532 3981 1835 4048 quantum
1895 3979 2242 4034 interfuerit
2289 3978 2564 4047 publicae
2622 3979 2893 4045 utilitati,
2948 3994 3052 4047 pro

491 4066 831 4134 ratiociniiS,
867 4081 1020 4135 quae
1049 4080 1220 4122 servo
1260 4068 1388 4122 sive
1424 4067 1634 4122 colono
1668 4069 1887 4135 agente
1925 4067 2183 4121 tractata
2219 4067 2382 4129 sunt,
2419 4065 2751 4121 obnoxium
2789 4066 3053 4134 attineri,

490 4167 734 4208 servum
769 4157 973 4208 autem
1009 4154 1490 4222 competentibus
1523 4153 1829 4209 adfectum
1865 4154 2214 4208 verberibus
2247 4153 2390 4208 fisco
2410 4153 2622 4208 addici.
2658 4152 3050 4208 Dominorum

491 4241 650 4295 enim
687 4240 963 4297 interfuit
996 4243 1069 4296 ab
1105 4241 1276 4297 initio
1312 4241 1637 4310 providere,
1667 4255 1743 4295 ne
1769 4240 2025 4309 publicis
2050 4241 2285 4296 actibus
2309 4240 2543 4308 privata
2565 4240 2809 4296 servitia
2828 4240 3051 4294 immis-

493 4328 787 4382 cerentur.

564 4413 604 4478 ι)
640 4413 705 4468 L.
742 4416 791 4468 1.
825 4413 884 4470 O.
920 4413 973 4469 J.
1011 4414 1119 4470 XI.
1155 4415 1241 4470 68.
1279 4415 1498 4471 Nullus
1534 4415 1778 4470 omnino
1815 4414 2123 4482 originalis
2148 4415 2397 4470 colonus
2416 4414 2502 4470 rei
2521 4413 2790 4483 privatae
2813 4415 3054 4469 nostrae

496 4499 568 4554 ad
620 4500 852 4569 aliquos
906 4501 1165 4556 honores
1220 4503 1315 4557 vel
1374 4502 1677 4570 quaelibet
1727 4501 1843 4556 alia
1901 4501 2163 4556 civitatis
2216 4515 2470 4557 munera
2522 4501 2863 4556 devocetur.
2933 4501 3056 4557 Nec

499 4587 657 4642 enim
694 4587 1011 4643 civitatum
1050 4589 1359 4644 ordinibus
1396 4591 1459 4644 et
1495 4589 1727 4654 ceteris,
1764 4603 1842 4643 ex
1879 4588 2102 4656 quibus
2138 4603 2243 4656 pro
2279 4588 2674 4643 multitudine
2710 4588 2838 4644 fieri
2869 4589 3054 4644 nomi·

502 4674 774 4729 nationes
808 4677 1059 4746 oportet,
1096 4690 1202 4744 per
1236 4676 1438 4731 omnia
1473 4675 1827 4730 florentibus
1864 4675 1940 4730 ad
1978 4675 2126 4730 haec
2150 4690 2434 4744 suprema
2454 4675 2748 4743 praesidia
2768 4675 3057 4743 injuriosa

508 4760 908 4817 nominatione
946 4762 1435 4818 descendendum
1471 4762 1585 4817 est.
1622 4792 1685 4800 —
1725 4761 1789 4816 L.
1826 4764 1875 4816 3.
1914 4761 1975 4815 C.
2010 4761 2064 4816 J.
2100 4760 2210 4817 XI.
2244 4761 2331 4818 68.

575 4846 613 4912 ο)
649 4846 734 4902 Ll.
773 4849 821 4902 1.
853 4851 917 4904 et
950 4850 1002 4905 3.
1039 4849 1098 4905 C.
1137 4848 1190 4905 J.
1229 4849 1339 4906 XI.
1373 4850 1474 4918 643
1510 4849 1574 4905 L.
1614 4850 1662 4904 1.
1697 4848 1758 4904 C.
1794 4848 1846 4904 J.
1882 4847 2018 4904 VII.
2054 4847 2139 4906 38.
