3770 5738
1694 514 1778 577 77

433 713 785 776 rectorem
854 711 1294 792 provinciae;
1344 728 1521 792 quae
1586 711 1644 776 si
1690 711 1890 793 ,iusta
1941 715 2290 795 apparuit,
2342 715 2400 779 is
2444 715 2560 795 qui
2613 731 2778 778 sons
2827 730 3002 778 com-

433 833 684 911 pertus
757 832 931 912 erat,
1004 848 1093 895 ex
1164 830 1315 911 lege
1394 830 1879 895 Valentiniani
1949 833 2023 895 et
2099 831 2445 913 Valentis,
2519 833 2635 914 qui
2696 832 3003 896 maxime

432 948 706 1013 colonis
778 948 1039 1014 favisse
1113 948 1467 1030 videntur,
1541 948 1817 1031 publice
1891 951 2100 1014 vivus
2152 952 2701 1016 concremandus
2750 956 2904 1015 erat
2931 945 2999 1029 1).

434 1064 667 1130 Semel
739 1068 1095 1131 statutum
1144 1067 1546 1131 invenimus
1600 1070 1701 1149 ut,
1751 1067 1811 1131 si
1853 1068 2143 1132 colonus
2188 1069 2497 1149 aliquem
2544 1087 2738 1134 reum
2788 1071 3003 1136 faciat

432 1187 562 1249 aut
610 1184 796 1250 alius
844 1201 1005 1251 eum
1046 1184 1204 1265 J'ure
1253 1188 1738 1267 persequatur,
1767 1187 2467 1268 causaapraeposito
2492 1189 2672 1251 sacri
2698 1189 2999 1254 cubiculi

436 1303 550 1368 vel
625 1303 880 1367 comite
954 1303 1316 1370 domorum
1386 1306 1846 1384 cognoscatur
1874 1301 1961 1385 2);
2035 1304 2432 1370 verosimile
2504 1308 2615 1369 est
2654 1305 3000 1386 judicium

436 1421 783 1485 mansisse
855 1438 1068 1501 penes
1135 1421 1525 1501 praesidem
1571 1422 1995 1502 provinciae.
2047 1422 2224 1504 Quin
2274 1422 2436 1487 huic
2484 1426 2725 1488 autem
2775 1441 2999 1505 neque

428 1539 787 1619 judicibus
836 1539 1375 1620 municipalibus
1414 1540 1816 1621 jurisdictio
1865 1541 2050 1606 inter
2099 1541 2379 1606 colonos
2426 1541 2641 1605 etiam
2681 1542 2998 1621 privatos

439 1660 513 1723 et
588 1659 779 1723 cives
801 1652 1155 1744 {mandata
1202 1658 1319 1738 sit,
1369 1658 1640 1723 ratione
1694 1658 1937 1723 habita
1986 1658 2137 1740 ejus
2186 1659 2308 1741 rei,
2358 1660 2536 1740 quod
2588 1659 2817 1725 saltus
2869 1663 2997 1744 pri·

437 1779 768 1840 vatorum
840 1776 908 1839 id
966 1776 1324 1857 petebant,
1372 1777 1454 1842 ut
1501 1793 1660 1841 cum
1706 1777 1897 1856 agris
1945 1777 2302 1842 fiscalibus
2349 1777 2995 1863 aequipararentur,

439 1893 784 1975 imprimis
873 1868 1053 1974 quod
1139 1894 1404 1959 attinet
1482 1894 1568 1958 ad
1641 1895 2160 1975 exemptionem
2232 1895 2795 1989 municipiorum,
2874 1898 2996 1962 vix

441 2012 903 2076 dubitandum
952 2011 1270 2093 videtur3
1319 2029 1585 2094 revera,
1637 2012 1718 2076 ut
1765 2030 1980 2094 supra
2033 2013 2336 2109 vidimus
2385 2019 2471 2095 (p.
2524 2015 2633 2095 6.),
2691 2015 2764 2085 ei,
2808 2032 2995 2080 man-

439 2129 681 2194 datum
759 2132 933 2211 erat,
995 2133 1074 2194 ut
1121 2130 1399 2195 colonos
1446 2110 1785 2210 fugitivo‘s
1832 2132 2302 2212 investigaret
2347 2135 2562 2213 atque
2611 2133 2994 2199 reduceret.

328 2239 346 2261 ‘
438 2250 674 2329 Atque
746 2265 827 2313 eo
896 2249 1120 2328 magis
1191 2248 1357 2313 talis
1426 2248 1729 2330 suspicio
1794 2249 2071 2330 probari
2145 2250 2429 2337 videtur
2494 2251 2645 2330 lege
2694 2252 2994 2331 quadam

437 2367 855 2448 Constantii,
906 2384 995 2432 ex
1042 2383 1179 2448 qua
1217 2367 1572 2447 Judicibus
1615 2368 1684 2451 (i.
1713 2384 1770 2432 e.
1798 2368 2209 2449 rectoribus)
2234 2369 2630 2449 provinciae
2655 2370 2996 2436 adversus

437 2484 701 2550 incolas
794 2486 893 2549 rei
981 2486 1301 2566 privatae
1396 2485 1639 2550 eadem
1729 2485 2074 2567 supplicia
2163 2486 2557 2551 adhibenda
2639 2492 2842 2553 erant
2913 2507 2994 2554 ac

436 2605 778 2669 adversus
826 2604 1293 2701 provinciales
1341 2604 1384 2669 i.
1423 2621 1492 2668 «e.
1545 2604 1826 2670 colonos
1876 2603 2316 2685 privatorum
2345 2599 2420 2682 3).
3001 2606 3006 2615 “

528 2721 600 2788 Si
673 2722 958 2787 colonus
1029 2723 1116 2787 ab
1188 2722 1425 2801 judice
1494 2722 1606 2788 vel
1679 2740 1721 2786 a
1791 2723 2045 2788 comite
2120 2722 2500 2788 domorum·
2554 2739 2991 2804 quacumque

438 2842 723 2906 ratione·
792 2843 903 2907 est
993 2857 1399 2922 concussuS,
1489 2824 1702 2922 hujus
1788 2858 2064 2924 nomen,
2129 2840 2501 2908 dummodo
2535 2842 2760 2938 ’intra
2825 2844 2993 2909 anni

437 2961 767 3041 spatium,
819 2960 1087 3024 deferre
1137 2961 1373 3040 potest
1421 2960 1509 3024 ad
1537 2959 1877 3026 Comitem
1903 2961 2005 3025 rei
2030 2961 2352 3042 privatae
2379 2942 2452 3042 ⁴5.
2504 2960 2610 3027 Ac
2636 2964 2990 3041 postremo

438 3089 523 3096 u..-

437 3127 535 3179 tur
582 3125 815 3193 legibus
870 3124 1036 3181 nullo
1093 3125 1447 3194 interposito
1497 3126 1792 3182 rationali.
1846 3127 2126 3182 Latebris-
2169 3141 2309 3182 reus
2361 3127 2657 3195 potestate
2713 3128 2994 3184 ordinarii

429 3211 645 3279 iudicis
682 3212 1085 3282 protrahatur,
1123 3227 1197 3266 ne
1234 3226 1338 3280 per
1375 3213 1703 3268 colludium
1740 3217 2014 3268 actorum
2042 3214 2408 3282 judiciorum
2444 3213 2553 3268 fiat
2588 3213 2808 3269 dilatio,

506 3299 542 3364 ¹)
580 3299 641 3354 L.
695 3300 748 3354 9.
800 3298 858 3354 G.
914 3299 966 3354 J.
1014 3299 1121 3354 ΙΙΙ.
1158 3299 1244 3354 26.
1280 3300 1354 3354 ad
1393 3299 1739 3369 Philippum
1778 3300 2089 3355 vicarium.
2126 3300 2409 3355 Universi
2446 3301 2728 3357 fiduciam
2762 3303 2991 3372 gerant,

436 3387 518 3450 ut,
575 3402 716 3442 cum
752 3387 887 3455 quis
930 3401 1137 3441 eorum
1174 3386 1248 3441 ab
1284 3388 1483 3442 actore
1521 3401 1724 3442 rerum
1759 3388 2131 3456 privatarum
2171 3390 2514 3443 nostrarum
2551 3388 2679 3443 sive
2715 3403 2751 3443 a
2786 3403 2990 3457 procu·

435 3475 625 3529 ratore
679 3473 857 3554 fuerit
910 3476 1173 3529 vexatus
1208 3474 1459 3542 inJuriis,
1497 3488 1679 3542 super
1712 3474 1845 3541 ejus
1882 3474 2265 3530 contumeliis
2301 3474 2394 3530 vel
2431 3474 2992 3544 depraedationibus

434 3559 659 3616 deferre
711 3561 1147 3630 querimoniam
1196 3561 1530 3616 sinceritati
1567 3562 1707 3616 tuae
1743 3559 1840 3615 vel
1875 3562 2090 3617 rectori
2126 3562 2466 3630 provinciae
2501 3577 2624 3618 non
2661 3562 2897 3618 dubitet
2928 3564 2991 3618 et

433 3649 503 3703 ad
557 3647 830 3717 publicae
883 3649 1251 3704 sententiam
1289 3648 1589 3704 vindictae
1625 3648 1756 3703 sine
1792 3648 1994 3717 aliqua
2029 3649 2425 3717 trepidatione
2462 3648 2792 3704 convolare.
2830 3649 2990 3716 Quae

433 3749 525 3790 res
572 3750 713 3791 cum
749 3734 930 3791 fuerit
965 3735 1146 3791 certis
1182 3735 1636 3804 probationibus
1674 3735 1991 3804 declarata,
2028 3736 2339 3791 sancimus
2375 3737 2439 3792 et
2473 3736 2780 3804 edicimus,
2819 3737 2903 3806 ut,
2938 3737 2990 3791 si

431 3822 490 3877 in
526 3823 955 3892 provincialem
991 3823 1148 3878 hanc
1184 3822 1499 3877 audaciam
1536 3822 1857 3891 quisquam
1896 3822 2092 3877 moliri
2128 3821 2310 3877 fuerit
2339 3837 2544 3890 ausus,
2563 3822 2796 3891 publice
2813 3822 2991 3878 vivus

435 3912 865 3965 concremetur.

501 3999 540 4063 ²)
578 3998 639 4052 L.
678 3998 760 4052 11.
798 3996 857 4052 G.
892 3996 946 4052 J.
982 3996 1091 4052 III.
1125 3997 1209 4051 26.
1247 3998 1482 4066 Artaxi,
1520 3997 1855 4066 praeposito
1893 3996 2046 4051 sacri
2068 3995 2342 4051 cubiculi.
2369 3995 2498 4051 Hac
2516 3997 2646 4064 lege
2663 3997 2988 4064 sancimus,

436 4088 517 4153 ut,
571 4085 699 4140 sive
752 4086 891 4153 agat
939 4084 1254 4139 domorum
1298 4087 1646 4139 nostrarum
1684 4083 1935 4139 colonus
1970 4084 2079 4138 aut
2113 4082 2450 4151 inquilinus
2486 4085 2594 4138 aut
2630 4097 2844 4138 servus
2880 4098 2988 4139 seu

432 4172 703 4239 pulsetur
774 4172 847 4227 ab
915 4172 1114 4240 aliquo
1169 4185 1349 4239 super
1402 4170 1697 4226 criminali
1751 4169 1844 4226 vel
1908 4169 2067 4225 civili
2121 4170 2378 4238 negotio,
2435 4184 2556 4225 non
2610 4170 2750 4225 alibi
2805 4186 2988 4239 quam

433 4259 521 4313 tui
574 4258 856 4314 culminis
899 4274 967 4314 ac
1005 4258 1116 4314 viri
1153 4258 1497 4328 spectabilis
1535 4258 1772 4313 comitis
1808 4258 2123 4312 domorum
2160 4257 2402 4325 petatur
2436 4271 2694 4312 examen
2707 4273 2723 4326 ;
2762 4258 2990 4314 nullius

433 4345 783 4414 allegatione
819 4359 1000 4414 super
1033 4345 1139 4400 fori
1178 4345 1642 4414 praescriptione
1677 4345 1923 4413 penitus
1958 4343 2350 4399 admittenda.

502 4432 543 4498 ⁸)
597 4433 658 4488 L.
713 4435 761 4488 1.
816 4433 874 4488 C.
930 4432 1037 4487 Th.
1090 4432 1169 4487 ΙΙ.
1222 4434 1272 4487 1.
1320 4432 1564 4487 Judices
1612 4431 2055 4499 provinciarum
2103 4431 2385 4486 volumus
2420 4431 2544 4485 vim
2583 4431 2821 4486 debitae
2857 4446 2989 4487 auc·

435 4520 693 4575 toritatis
746 4533 1067 4583 assumere,
1122 4520 1192 4573 ut
1244 4533 1369 4574 una
1422 4520 1654 4574 actores
1707 4521 2055 4586 ceterosque
2093 4518 2176 4572 rei
2226 4518 2496 4586 privatae
2543 4519 2800 4588 nostrae,
2837 4534 2989 4587 quae

436 4606 838 4677 provinciales,
893 4610 1100 4663 teneat
1151 4606 1482 4675 disciplina.
1539 4605 1867 4661 Sceleratos
1923 4605 2348 4672 convictosque
2403 4618 2667 4659 carceres
2721 4605 2989 4675 teneant,

440 4696 735 4749 tormenta
771 4694 1109 4761 dilacerent,
1146 4693 1381 4761 gladius
1419 4693 1578 4749 ultor
1614 4692 1946 4747 interimat.

504 4781 545 4850 ⁴)
583 4780 645 4834 L.
679 4781 730 4836 6.
767 4780 825 4836 O.
861 4781 968 4837 Th.
1005 4779 1114 4836 IX.
1148 4781 1233 4835 27.
1271 4779 1306 4836 J
1313 4780 1582 4848 ubemus,
1619 4780 1950 4848 hortamur,
1985 4781 2075 4848 ut,
2114 4780 2165 4834 si
2202 4777 2339 4846 quis
2368 4777 2520 4833 forte
2538 4778 2987 4848 honoratorum,

444 4866 843 4935 decurionum,
880 4882 1313 4938 possessorum,
1347 4868 1652 4937 postremo
1689 4867 1872 4922 etiam
1903 4867 2249 4922 colonorum
2280 4866 2389 4920 aut
2423 4864 2745 4934 cujuslibet
2760 4865 2987 4924 ordinis
