3770 5738
1996 500 2121 563 112

669 721 684 737 ·
767 699 1087 779 wenigen
1135 696 1556 763 Inschriften
1611 689 1878 777 folgern
1929 696 2202 777 durfen',
2250 713 2399 760 was
2441 695 2600 776 jede
2653 713 2790 760 von
2814 695 3108 760 anderer
3133 694 3324 760 Seite

768 819 892 882 her
961 816 1280 897 gefuhrte
1351 815 1901 895 Untersuchung
1972 815 2333 895 bestatigt,
2405 814 2571 879 dasz
2621 815 2734 878 ein
2785 814 3327 879 betrachtlicher

771 935 916 1018 Tei]
965 936 1088 1000 der
1135 934 1625 1013 Bevolkerung
1668 932 1962 997 Italiens
2010 933 2150 996 und
2199 932 2324 998 des
2370 933 2762 997 romischen
2811 933 3106 997 Reiches
3136 933 3326 997 fiber-

770 1055 994 1134 haupt
1027 1033 1238 1118 'noch
1309 1053 1380 1116 in
1456 1051 1577 1116 der
1648 1050 2044 1116 Kaiserzeit
2119 1068 2247 1115 aus
2322 1023 2603 1116 solchen
2676 1051 3166 1132 Zeitpachtern
3219 1052 3329 1115 be·

769 1171 1068 1237 standen
1117 1168 1283 1235 hat''
1312 1166 1382 1246 ¹).
1430 1169 1654 1250 Supra
1702 1168 2011 1233 vidimus
2057 1169 2236 1233 hanc
2285 1170 2714 1234 sententiam
2765 1170 3218 1251 inquisitione
3257 1169 3327 1232 111

771 1290 1147 1370 scriptores
1194 1288 1385 1353 facta
1432 1305 1506 1352 re
1555 1305 1722 1353 vera
1770 1288 2051 1352 omnino
2100 1287 2517 1353 confirmari.

861 1407 942 1472 In
1004 1406 1300 1471 historia
1384 1405 1888 1471 conscribenda
1974 1404 2164 1470 facta
2233 1422 2475 1488 pauca,
2545 1407 2667 1471 sed
2740 1422 2823 1471 ea
2892 1406 3064 1470 nihil
3137 1406 3331 1470 dubii

771 1526 1266 1607 relinquentia,
1315 1525 1536 1604 magis
1611 1524 1856 1588 valent
1925 1542 2136 1604 quam
2182 1524 2448 1589 multae
2497 1525 3017 1606 disputationes
3063 1524 3135 1589 in
3184 1525 3330 1588 uni-

773 1661 1055 1709 versum
1134 1643 1388 1725 editae,
1463 1659 1662 1725 quae,
1736 1643 2005 1707 minore
2079 1642 2425 1723 majoreve
2498 1643 2993 1724 probabilitate
3045 1646 3331 1708 tantum

770 1763 988 1845 nisae,
1055 1740 1416 1842 nunquam
1465 1761 1624 1842 plus
1684 1778 1896 1841 quam
1938 1761 2277 1825 minorem
2326 1761 2748 1841 majoremve
2794 1762 3330 1827 similitudinem

774 1881 922 1945 veri
993 1880 1125 1944 sibi
1195 1879 1553 1944 vindicare
1623 1881 1941 1961 possunt.
2040 1878 2296 1960 Quodsi
2367 1883 2610 1944 autem
2684 1881 2755 1945 in
2830 1884 3073 1945 nostra
3135 1897 3208 1944 re
3258 1879 3329 1944 id

772 1999 1002 2079 ipsum
1070 1998 1288 2062 firmis
1334 1997 1768 2062 testimoniis
1812 1997 2215 2077 aequalium
2263 2015 2385 2078 pro
2434 2001 2626 2062 certo
2676 2000 2786 2062 est
2834 1998 3331 2078 constitutum,

774 2118 1175 2182 colonorum
1219 2116 1569 2181 culturam
1615 2132 1977 2196 nunquam
2027 2115 2723 2180 omnino-servorum
2771 2116 2991 2182 labori
3015 2116 3332 2196 cessisse,

778 2236 946 2300 licet
990 2234 1202 2316 hujus
1249 2235 1349 2300 rei
1396 2251 1646 2299 causas
1696 2234 2128 2314 investigare
2178 2236 2390 2314 atque
2441 2234 2773 2299 brevibus
2821 2234 3054 2299 verbis
3078 2235 3331 2315 eloqui.

863 2353 1247 2435 Praecipua
1284 2353 1598 2434 profecto
1643 2352 1815 2416 haec
1856 2355 1969 2416 est
2013 2352 2360 2416 rationem
2392 2369 2805 2434 permagnos
2828 2370 3033 2433 agros
3063 2352 3332 2417 colendi

773 2472 986 2536 certis
1032 2474 1317 2536 tantum
1363 2459 1888 2535 condicionibus
1936 2469 2247 2534 adhiberi
2296 2486 2499 2550 posse
2553 2471 2654 2534 ita
2694 2472 2777 2535 ut
2805 2470 3332 2551 majnslucrum

774 2590 935 2653 inde
1006 2590 1285 2654 evadat.
1361 2588 1506 2670 Quo
1579 2588 1917 2652 hodierna
1987 2605 2242 2668 magna
2290 2589 2589 2670 cultura,
2639 2591 2990 2669 quatenus
3038 2606 3331 2671 parvam

778 2707 1084 2789 depellit,
1154 2707 1316 2771 huic
1387 2706 1770 2786 antecellit,
1836 2706 1907 2769 id
1955 2708 2086 2787 est,
2129 2706 2309 2786 quod
2357 2706 2424 2771 in
2474 2724 2557 2771 ea
2609 2707 2972 2772 machinae
3017 2707 3329 2772 adhiberi

775 2829 1074 2908 possunt
1121 2842 1298 2907 quae
1353 2827 1426 2890 et
1474 2824 1813 2906 temporis
1865 2827 1939 2889 et
1988 2824 2246 2889 virium
2294 2825 2780 2907 compendium
2802 2824 3093 2891 faciunt.
3120 2825 3329 2891 Patet

774 2948 1014 3010 autem
1085 2945 1213 3009 hoc
1284 2944 1722 3009 commodum
1792 2960 2121 3008 romanae
2192 2943 2722 3009 latifundiorum
2795 2945 3114 3010 culturae
3188 2963 3326 3010 non

774 3063 1132 3144 proprium
1196 3061 1452 3126 fuisse:
1504 3062 2138 3126 instrumentorum
2187 3035 2377 3126 6111111
2421 3063 2732 3128 subsidia
2779 3064 2847 3127 in
2897 3062 3328 3144 agricultura

774 3198 897 3263 per
943 3180 1150 3260 longa
1194 3179 1475 3244 saecula
1515 3180 1756 3244 eadem
1797 3182 2338 3261 permanserunt
2376 3183 2450 3244 et
2493 3180 3011 3261 simplicissima
3042 3184 3325 3245 tantum

774 3300 845 3363 in
922 3316 1055 3363 usu
1125 3300 1328 3362 erant
1355 3294 1423 3374 2).
1522 3297 1695 3361 Cum
1764 3297 1983 3377 igitur
2056 3298 2319 3362 nostris
2389 3300 2818 3380 temporibus
2865 3300 3046 3365 ratio
3094 3316 3327 3363 rerum

775 3417 1306 3505 promercalium
1375 3418 1445 3481 in
1523 3418 1795 3496 magnis
1871 3416 2162 3481 officinis
2231 3435 2353 3498 per
2423 3418 2748 3499 opificum
2794 3419 3326 3483 multitudinem

772 3536 1336 3601 fabricandarum
1414 3534 2109 3619 („grootindustrie’')
2178 3535 2501 3600 altiorem
2571 3537 2863 3617 gradum
2932 3554 3327 3619 repraesen-

772 3658 883 3719 tet
952 3655 1024 3718 in
1097 3654 1436 3718 bonorum
1508 3653 1989 3734 procreatione
2062 3670 2272 3733 quam
2344 3654 2691 3718 industria
2738 3655 2807 3719 in
2858 3657 3063 3720 rebus
3112 3672 3327 3719 manu

773 3772 1111 3838 faciendis
1180 3764 1222 3835 a
1289 3770 1528 3835 liberis
1611 3771 2011 3836 hominibus
2099 3771 2513 3851 singillatim
2596 3774 2986 3837 exercitata
3046 3773 3328 3857 („klein-

773 3888 1169 3973 industrie),
1219 3890 1286 3953 id
1337 3890 1622 3953 minime
1670 3889 1865 3954 valet
1913 3889 1997 3953 de
2044 3892 2629 3971 aetateromana3
2657 3891 2843 3956 haud
2869 3892 3091 3971 magis
3116 3908 3325 3971 quam

774 3986 990 4091 labor,
1038 4025 1246 4089 quem
1293 4008 1364 4071 in
1413 4007 1807 4071 carceribus
1856 4008 2118 4086 captivi
2147 4008 2540 4088 perficiunt,
2571 4009 2697 4073 hac
2738 4009 3086 4074 industria
3110 4010 3326 4074 lucro-

775 4128 917 4193 sior
966 4127 1267 4191 habetur
1292 4119 1361 4201 3).
1425 4160 1486 4169 -
1549 4124 1644 4188 Eo
1691 4125 1984 4206 accedit,
2037 4126 2215 4206 quod
2243 4126 2542 4191 alterum
2587 4144 2861 4209 quoque
2888 4128 3327 4192 commodum

845 4328 888 4394 ¹)
926 4328 1248 4396 Momasms,
1287 4327 1324 4381 l.
1357 4341 1402 4381 c.
1441 4341 1498 4396 p.
1531 4326 1654 4381 409.

846 4416 888 4484 ²)
930 4415 1051 4480 „Ist
1087 4415 1237 4469 doch
1275 4414 1382 4468 das
1418 4413 1818 4469 Streichbrett
1851 4428 1951 4468 6111
1987 4413 2195 4482 Pssuge
2232 4415 2485 4470 niemals
2509 4415 2826 4484 allgemein
2850 4431 2956 4471 zur
2976 4416 3328 4471 Herrschaft

777 4503 1019 4570 gelangt
1083 4502 1206 4556 und
1271 4502 1377 4556 der
1439 4501 1649 4557 antike
1707 4499 1880 4569 Pssug
1941 4501 2096 4556 nach
2157 4501 2469 4558 Sombarts
2529 4504 3039 4572 Beobachtungen
3100 4504 3163 4557 in
3225 4503 3331 4558 der

779 4589 1120 4657 Campagna
1155 4589 1312 4645 noch
1347 4589 1535 4644 heute
1571 4589 1634 4643 in
1672 4587 2041 4643 Gebrauch.”
2081 4588 2335 4659 Wnssssrt,
2373 4590 2408 4644 l.
2447 4604 2495 4645 6.
2530 4605 2585 4659 p.
2622 4591 2743 4645 222.

850 4676 887 4735 ⁸)
926 4676 1002 4731 K.
1066 4676 1396 4746 KAtr‘rst,
1451 4676 1558 4730 Die
1614 4674 1927 4731 Vorlaufer
1980 4676 2086 4730 des
2139 4690 2403 4732 neueren
2460 4677 2864 4733 Sozialismus.
2916 4694 2973 4747 p.
3029 4678 3111 4733 18.
3167 4677 3329 4747 „Den

777 4762 1201 4818 industriellen
1239 4765 1322 4827 (et
1358 4762 1748 4831 de.‘agrorum
1785 4752 2029 4818 cultura
2064 4763 2226 4818 idem
2263 4765 2444 4831 valet)
2481 4764 2896 4820 Groszbetrieb
2916 4766 3028 4821 mit
3046 4765 3328 4821 Sklaven·

779 4850 972 4904 arbeit
1013 4850 1148 4905 darf·
1175 4865 1318 4905 111611
1355 4844 1678 4905 nicht'init
1710 4849 2007 4906 Fabriken
2043 4850 2442 4921 vergleichen,
2478 4852 2739 4907 sondern
2780 4852 3126 4923 hochstenS,
3148 4866 3329 4909 wenn
