<?xml version="1.0" encoding="UTF-8"?>
<!DOCTYPE html PUBLIC "-//W3C//DTD XHTML 1.0 Transitional//EN"
    "http://www.w3.org/TR/xhtml1/DTD/xhtml1-transitional.dtd">
<html xmlns="http://www.w3.org/1999/xhtml" xml:lang="en" lang="en">
 <head>
  <title>
</title>
<meta http-equiv="Content-Type" content="text/html;charset=utf-8" />
  <meta name='ocr-system' content='tesseract 3.04.00' />
  <meta name='ocr-capabilities' content='ocr_page ocr_carea ocr_par ocr_line ocrx_word'/>
</head>
<body>
  <div class='ocr_page' id='page_1' title='image "./decolonaturoman00bolkgoog_0202.png"; bbox 0 0 3770 5738; ppageno 0'>
   <div class='ocr_carea' id='block_1_1' title="bbox 1950 499 2080 562">
    <p class='ocr_par' dir='ltr' id='par_1_1' title="bbox 1950 499 2080 562">
     <span class='ocr_line' id='line_1_1' title="bbox 1950 499 2080 562; baseline 0.008 -1"><span class='ocrx_word' id='word_1_1' title='bbox 1950 499 2080 562; x_wconf 85' lang='lat'>178</span> 
     </span>
    </p>
   </div>
   <div class='ocr_carea' id='block_1_2' title="bbox 729 694 3304 3268">
    <p class='ocr_par' dir='ltr' id='par_1_2' title="bbox 729 694 3304 3268">
     <span class='ocr_line' id='line_1_2' title="bbox 743 694 3304 781; baseline 0.001 -21"><span class='ocrx_word' id='word_1_2' title='bbox 743 695 1074 777; x_wconf 77' lang='lat' dir='ltr'>secundo,</span> <span class='ocrx_word' id='word_1_3' title='bbox 1149 696 1617 781; x_wconf 83' lang='lat' dir='ltr'>„miserrimos</span> <span class='ocrx_word' id='word_1_4' title='bbox 1685 696 2048 761; x_wconf 88' lang='lat' dir='ltr'>homines”</span> <span class='ocrx_word' id='word_1_5' title='bbox 2109 713 2186 762; x_wconf 89' lang='lat' dir='ltr'>se</span> <span class='ocrx_word' id='word_1_6' title='bbox 2235 698 2587 762; x_wconf 90' lang='lat' dir='ltr'>vocabant</span> <span class='ocrx_word' id='word_1_7' title='bbox 2611 694 2688 780; x_wconf 81' lang='lat'>¹),</span> <span class='ocrx_word' id='word_1_8' title='bbox 2736 701 2812 762; x_wconf 93' lang='lat' dir='ltr'>et</span> <span class='ocrx_word' id='word_1_9' title='bbox 2855 697 3304 763; x_wconf 90' lang='lat' dir='ltr'>Justinianus</span> 
     </span>
     <span class='ocr_line' id='line_1_3' title="bbox 745 813 3301 899; baseline 0 -20"><span class='ocrx_word' id='word_1_10' title='bbox 745 831 1019 895; x_wconf 90' lang='lat' dir='ltr'>quoque</span> <span class='ocrx_word' id='word_1_11' title='bbox 1067 815 1151 880; x_wconf 91' lang='lat' dir='ltr'>de</span> <span class='ocrx_word' id='word_1_12' title='bbox 1216 815 1531 899; x_wconf 85' lang='lat' dir='ltr'>„miseris</span> <span class='ocrx_word' id='word_1_13' title='bbox 1577 813 1887 880; x_wconf 88' lang='lat' dir='ltr'>colonis&#39;’</span> <span class='ocrx_word' id='word_1_14' title='bbox 1934 814 2267 896; x_wconf 77' lang='lat' dir='ltr'>loquitur,</span> <span class='ocrx_word' id='word_1_15' title='bbox 2315 816 2435 897; x_wconf 87' lang='lat' dir='ltr'>qui</span> <span class='ocrx_word' id='word_1_16' title='bbox 2482 833 2527 880; x_wconf 92' lang='lat' dir='ltr'>a</span> <span class='ocrx_word' id='word_1_17' title='bbox 2573 815 2921 880; x_wconf 79' lang='lat' dir='ltr'>militibus</span> <span class='ocrx_word' id='word_1_18' title='bbox 2965 818 3301 881; x_wconf 76' lang='lat' dir='ltr'>atrociter</span> 
     </span>
     <span class='ocr_line' id='line_1_4' title="bbox 739 929 3301 1015; baseline 0.001 -17"><span class='ocrx_word' id='word_1_19' title='bbox 739 935 1142 998; x_wconf 82' lang='lat' dir='ltr'>tractantur</span> <span class='ocrx_word' id='word_1_20' title='bbox 1167 929 1238 1009; x_wconf 82' lang='lat'><strong>²).</strong></span> <span class='ocrx_word' id='word_1_21' title='bbox 1287 933 1816 999; x_wconf 90' lang='lat' dir='ltr'>Descenderunt</span> <span class='ocrx_word' id='word_1_22' title='bbox 1860 933 1951 998; x_wconf 90' lang='lat' dir='ltr'>ad</span> <span class='ocrx_word' id='word_1_23' title='bbox 1998 934 2474 999; x_wconf 91' lang='lat' dir='ltr'>condicionem</span> <span class='ocrx_word' id='word_1_24' title='bbox 2520 951 2920 1014; x_wconf 90' lang='lat' dir='ltr'>servorum;</span> <span class='ocrx_word' id='word_1_25' title='bbox 2961 935 3301 1015; x_wconf 84' lang='lat' dir='ltr'>plurimae</span> 
     </span>
     <span class='ocr_line' id='line_1_5' title="bbox 740 1051 3298 1133; baseline 0 -16"><span class='ocrx_word' id='word_1_26' title='bbox 740 1052 1289 1117; x_wconf 78' lang='lat' dir='ltr'>constitutiones</span> <span class='ocrx_word' id='word_1_27' title='bbox 1357 1052 1442 1117; x_wconf 91' lang='lat' dir='ltr'>de</span> <span class='ocrx_word' id='word_1_28' title='bbox 1507 1052 1823 1131; x_wconf 89' lang='lat' dir='ltr'>utrisque</span> <span class='ocrx_word' id='word_1_29' title='bbox 1871 1052 2139 1133; x_wconf 91' lang='lat' dir='ltr'>pariter</span> <span class='ocrx_word' id='word_1_30' title='bbox 2184 1051 2544 1117; x_wconf 90' lang='lat' dir='ltr'>valebant.</span> <span class='ocrx_word' id='word_1_31' title='bbox 2593 1051 2824 1118; x_wconf 88' lang='lat' dir='ltr'>Semel</span> <span class='ocrx_word' id='word_1_32' title='bbox 2871 1052 3129 1118; x_wconf 91' lang='lat' dir='ltr'>dicitur</span> <span class='ocrx_word' id='word_1_33' title='bbox 3175 1069 3298 1133; x_wconf 92' lang='lat' dir='ltr'>pro</span> 
     </span>
     <span class='ocr_line' id='line_1_6' title="bbox 739 1166 3299 1254; baseline 0 -19"><span class='ocrx_word' id='word_1_34' title='bbox 739 1169 982 1235; x_wconf 92' lang='lat' dir='ltr'>colono</span> <span class='ocrx_word' id='word_1_35' title='bbox 1041 1170 1225 1235; x_wconf 89' lang='lat' dir='ltr'>alius</span> <span class='ocrx_word' id='word_1_36' title='bbox 1284 1169 1571 1235; x_wconf 90' lang='lat' dir='ltr'>colonus</span> <span class='ocrx_word' id='word_1_37' title='bbox 1616 1169 1853 1236; x_wconf 89' lang='lat' dir='ltr'>deberi</span> <span class='ocrx_word' id='word_1_38' title='bbox 1905 1170 2259 1254; x_wconf 86' lang='lat' dir='ltr'>„ejusdem</span> <span class='ocrx_word' id='word_1_39' title='bbox 2306 1169 2869 1236; x_wconf 88' lang='lat' dir='ltr'>aestimationis”</span> <span class='ocrx_word' id='word_1_40' title='bbox 2895 1166 2970 1254; x_wconf 79' lang='lat'><strong>³).</strong></span> <span class='ocrx_word' id='word_1_41' title='bbox 3019 1170 3164 1252; x_wconf 80' lang='lat' dir='ltr'>Quo</span> <span class='ocrx_word' id='word_1_42' title='bbox 3209 1170 3299 1235; x_wconf 86' lang='lat' dir='ltr'>fit</span> 
     </span>
     <span class='ocr_line' id='line_1_7' title="bbox 743 1288 3297 1371; baseline 0 -17"><span class='ocrx_word' id='word_1_43' title='bbox 743 1291 827 1354; x_wconf 92' lang='lat' dir='ltr'>ut</span> <span class='ocrx_word' id='word_1_44' title='bbox 872 1290 1137 1371; x_wconf 89' lang='lat' dir='ltr'>pariter</span> <span class='ocrx_word' id='word_1_45' title='bbox 1179 1306 1262 1354; x_wconf 89' lang='lat' dir='ltr'>ac</span> <span class='ocrx_word' id='word_1_46' title='bbox 1295 1288 1524 1354; x_wconf 87' lang='lat' dir='ltr'>servis</span> <span class='ocrx_word' id='word_1_47' title='bbox 1548 1289 1987 1369; x_wconf 89' lang='lat' dir='ltr'>contemptui</span> <span class='ocrx_word' id='word_1_48' title='bbox 2010 1290 2175 1353; x_wconf 89' lang='lat' dir='ltr'>sint.</span> <span class='ocrx_word' id='word_1_49' title='bbox 2202 1288 2357 1353; x_wconf 87' lang='lat' dir='ltr'>Non</span> <span class='ocrx_word' id='word_1_50' title='bbox 2380 1289 2973 1354; x_wconf 90' lang='lat' dir='ltr'>admittunturad</span> <span class='ocrx_word' id='word_1_51' title='bbox 2999 1289 3297 1354; x_wconf 87' lang='lat' dir='ltr'>officium</span> 
     </span>
     <span class='ocr_line' id='line_1_8' title="bbox 738 1406 3300 1491; baseline -0 -19"><span class='ocrx_word' id='word_1_52' title='bbox 738 1407 1111 1489; x_wconf 78' lang='lat' dir='ltr'>quoddam,</span> <span class='ocrx_word' id='word_1_53' title='bbox 1183 1408 1513 1488; x_wconf 87' lang='lat' dir='ltr'>quoniam</span> <span class='ocrx_word' id='word_1_54' title='bbox 1576 1406 1720 1471; x_wconf 91' lang='lat' dir='ltr'>tale</span> <span class='ocrx_word' id='word_1_55' title='bbox 1782 1407 1952 1487; x_wconf 88' lang='lat' dir='ltr'>quid</span> <span class='ocrx_word' id='word_1_56' title='bbox 2014 1424 2324 1488; x_wconf 84' lang='lat' dir='ltr'>pugnare</span> <span class='ocrx_word' id='word_1_57' title='bbox 2386 1407 2696 1472; x_wconf 90' lang='lat' dir='ltr'>creditur</span> <span class='ocrx_word' id='word_1_58' title='bbox 2756 1424 2916 1472; x_wconf 92' lang='lat' dir='ltr'>cum</span> <span class='ocrx_word' id='word_1_59' title='bbox 2984 1406 3300 1491; x_wconf 84' lang='lat' dir='ltr'>„publica</span> 
     </span>
     <span class='ocr_line' id='line_1_9' title="bbox 741 1495 3297 1610; baseline 0 -20"><span class='ocrx_word' id='word_1_60' title='bbox 741 1525 1159 1591; x_wconf 78' lang='lat' dir='ltr'>honestate”</span> <span class='ocrx_word' id='word_1_61' title='bbox 1187 1521 1274 1608; x_wconf 76' lang='lat'>⁴);</span> <span class='ocrx_word' id='word_1_62' title='bbox 1357 1495 1754 1607; x_wconf 66' lang='lat' dir='ltr'>hujusmodi</span> <span class='ocrx_word' id='word_1_63' title='bbox 1846 1525 2247 1610; x_wconf 75' lang='lat' dir='ltr'>„injuriosis</span> <span class='ocrx_word' id='word_1_64' title='bbox 2313 1525 2954 1591; x_wconf 71' lang='lat' dir='ltr'>nommationibus”</span> <span class='ocrx_word' id='word_1_65' title='bbox 3020 1525 3297 1591; x_wconf 73' lang='lat' dir='ltr'>ordines</span> 
     </span>
     <span class='ocr_line' id='line_1_10' title="bbox 739 1639 3296 1728; baseline 0 -21"><span class='ocrx_word' id='word_1_66' title='bbox 739 1643 1116 1708; x_wconf 90' lang='lat' dir='ltr'>civitatum</span> <span class='ocrx_word' id='word_1_67' title='bbox 1213 1644 1721 1728; x_wconf 86' lang='lat' dir='ltr'>„descendere”</span> <span class='ocrx_word' id='word_1_68' title='bbox 1817 1643 2152 1709; x_wconf 91' lang='lat' dir='ltr'>dicuntur</span> <span class='ocrx_word' id='word_1_69' title='bbox 2176 1639 2245 1725; x_wconf 82' lang='lat'><strong>⁵).</strong></span> <span class='ocrx_word' id='word_1_70' title='bbox 2341 1643 2471 1725; x_wconf 81' lang='lat' dir='ltr'>Qui</span> <span class='ocrx_word' id='word_1_71' title='bbox 2564 1644 2844 1709; x_wconf 86' lang='lat' dir='ltr'>colonas</span> <span class='ocrx_word' id='word_1_72' title='bbox 2920 1644 2994 1708; x_wconf 93' lang='lat' dir='ltr'>in</span> <span class='ocrx_word' id='word_1_73' title='bbox 3062 1644 3296 1709; x_wconf 91' lang='lat' dir='ltr'>matri·</span> 
     </span>
     <span class='ocr_line' id='line_1_11' title="bbox 740 1756 3290 1846; baseline 0 -20"><span class='ocrx_word' id='word_1_74' title='bbox 740 1763 1053 1827; x_wconf 90' lang='lat' dir='ltr'>monium</span> <span class='ocrx_word' id='word_1_75' title='bbox 1124 1762 1413 1844; x_wconf 82' lang='lat' dir='ltr'>ducunt,</span> <span class='ocrx_word' id='word_1_76' title='bbox 1487 1765 1833 1843; x_wconf 91' lang='lat' dir='ltr'>putantur</span> <span class='ocrx_word' id='word_1_77' title='bbox 1906 1779 2022 1846; x_wconf 87' lang='lat' dir='ltr'>„se</span> <span class='ocrx_word' id='word_1_78' title='bbox 2090 1761 2447 1844; x_wconf 91' lang='lat' dir='ltr'>polluere”</span> <span class='ocrx_word' id='word_1_79' title='bbox 2510 1762 2641 1827; x_wconf 92' lang='lat' dir='ltr'>tali</span> <span class='ocrx_word' id='word_1_80' title='bbox 2687 1762 3178 1843; x_wconf 90' lang='lat' dir='ltr'>conjunctione</span> <span class='ocrx_word' id='word_1_81' title='bbox 3203 1756 3290 1842; x_wconf 77' lang='lat'>⁶);</span> 
     </span>
     <span class='ocr_line' id='line_1_12' title="bbox 735 1877 3295 1966; baseline 0 -21"><span class='ocrx_word' id='word_1_82' title='bbox 735 1881 1342 1963; x_wconf 88' lang='lat' dir='ltr'>adscripticiorum</span> <span class='ocrx_word' id='word_1_83' title='bbox 1430 1883 1668 1946; x_wconf 88' lang='lat' dir='ltr'>status</span> <span class='ocrx_word' id='word_1_84' title='bbox 1755 1881 2113 1966; x_wconf 86' lang='lat' dir='ltr'>„macula”</span> <span class='ocrx_word' id='word_1_85' title='bbox 2183 1881 2582 1963; x_wconf 89' lang='lat' dir='ltr'>appellatur</span> <span class='ocrx_word' id='word_1_86' title='bbox 2606 1877 2677 1957; x_wconf 91' lang='lat'>⁷).</span> <span class='ocrx_word' id='word_1_87' title='bbox 2749 1879 3295 1945; x_wconf 80' lang='lat' dir='ltr'>Valentinianus</span> 
     </span>
     <span class='ocr_line' id='line_1_13' title="bbox 739 1994 3293 2084; baseline 0 -20"><span class='ocrx_word' id='word_1_88' title='bbox 739 2000 955 2065; x_wconf 89' lang='lat' dir='ltr'>semel</span> <span class='ocrx_word' id='word_1_89' title='bbox 1030 2000 1345 2080; x_wconf 91' lang='lat' dir='ltr'>loquitur</span> <span class='ocrx_word' id='word_1_90' title='bbox 1411 2000 1496 2065; x_wconf 91' lang='lat' dir='ltr'>de</span> <span class='ocrx_word' id='word_1_91' title='bbox 1570 1999 1981 2084; x_wconf 87' lang='lat' dir='ltr'>„villissimo</span> <span class='ocrx_word' id='word_1_92' title='bbox 2051 1999 2425 2064; x_wconf 89' lang='lat' dir='ltr'>colonatu”</span> <span class='ocrx_word' id='word_1_93' title='bbox 2452 1994 2525 2081; x_wconf 79' lang='lat'>⁸),</span> <span class='ocrx_word' id='word_1_94' title='bbox 2602 2002 2675 2064; x_wconf 91' lang='lat' dir='ltr'>et</span> <span class='ocrx_word' id='word_1_95' title='bbox 2722 1998 3096 2064; x_wconf 90' lang='lat' dir='ltr'>Salvianus</span> <span class='ocrx_word' id='word_1_96' title='bbox 3143 1998 3293 2064; x_wconf 92' lang='lat' dir='ltr'>loco</span> 
     </span>
     <span class='ocr_line' id='line_1_14' title="bbox 734 2113 3291 2204; baseline -0 -22"><span class='ocrx_word' id='word_1_97' title='bbox 734 2118 1106 2184; x_wconf 88' lang='lat' dir='ltr'>notissimo</span> <span class='ocrx_word' id='word_1_98' title='bbox 1197 2119 1283 2184; x_wconf 92' lang='lat' dir='ltr'>de</span> <span class='ocrx_word' id='word_1_99' title='bbox 1377 2119 1578 2204; x_wconf 81' lang='lat' dir='ltr'>„jngo</span> <span class='ocrx_word' id='word_1_100' title='bbox 1669 2118 2055 2200; x_wconf 86' lang='lat' dir='ltr'>inquilinae</span> <span class='ocrx_word' id='word_1_101' title='bbox 2145 2116 2600 2200; x_wconf 76' lang='lat' dir='ltr'>abJectionis&#39;’</span> <span class='ocrx_word' id='word_1_102' title='bbox 2627 2113 2699 2193; x_wconf 82' lang='lat'><strong>⁹).</strong></span> <span class='ocrx_word' id='word_1_103' title='bbox 2804 2154 2869 2163; x_wconf 91' lang='lat'>—</span> <span class='ocrx_word' id='word_1_104' title='bbox 2975 2116 3049 2182; x_wconf 87' lang='lat' dir='ltr'>Si</span> <span class='ocrx_word' id='word_1_105' title='bbox 3139 2134 3291 2182; x_wconf 91' lang='lat' dir='ltr'>con·</span> 
     </span>
     <span class='ocr_line' id='line_1_15' title="bbox 734 2235 3292 2319; baseline 0 -19"><span class='ocrx_word' id='word_1_106' title='bbox 734 2236 1127 2301; x_wconf 86' lang='lat' dir='ltr'>sideramus</span> <span class='ocrx_word' id='word_1_107' title='bbox 1196 2253 1336 2319; x_wconf 85' lang='lat' dir='ltr'>eos,</span> <span class='ocrx_word' id='word_1_108' title='bbox 1408 2237 1491 2301; x_wconf 93' lang='lat' dir='ltr'>de</span> <span class='ocrx_word' id='word_1_109' title='bbox 1562 2237 1816 2318; x_wconf 91' lang='lat' dir='ltr'>quibus</span> <span class='ocrx_word' id='word_1_110' title='bbox 1884 2237 2015 2302; x_wconf 91' lang='lat' dir='ltr'>hoc</span> <span class='ocrx_word' id='word_1_111' title='bbox 2087 2236 2290 2301; x_wconf 91' lang='lat' dir='ltr'>modo</span> <span class='ocrx_word' id='word_1_112' title='bbox 2350 2236 2822 2318; x_wconf 77' lang='lat' dir='ltr'>Judicabatur,</span> <span class='ocrx_word' id='word_1_113' title='bbox 2883 2235 3046 2301; x_wconf 91' lang='lat' dir='ltr'>olim</span> <span class='ocrx_word' id='word_1_114' title='bbox 3100 2236 3292 2300; x_wconf 90' lang='lat' dir='ltr'>cives</span> 
     </span>
     <span class='ocr_line' id='line_1_16' title="bbox 731 2354 3292 2437; baseline -0 -18"><span class='ocrx_word' id='word_1_115' title='bbox 731 2354 988 2419; x_wconf 86' lang='lat' dir='ltr'>liberos</span> <span class='ocrx_word' id='word_1_116' title='bbox 1033 2354 1272 2437; x_wconf 84' lang='lat' dir='ltr'>fuisse,</span> <span class='ocrx_word' id='word_1_117' title='bbox 1320 2355 1759 2437; x_wconf 79' lang='lat' dir='ltr'>eosdemque,</span> <span class='ocrx_word' id='word_1_118' title='bbox 1811 2358 2055 2435; x_wconf 92' lang='lat' dir='ltr'>utpote</span> <span class='ocrx_word' id='word_1_119' title='bbox 2100 2355 2172 2419; x_wconf 93' lang='lat' dir='ltr'>in</span> <span class='ocrx_word' id='word_1_120' title='bbox 2221 2354 2513 2419; x_wconf 85' lang='lat' dir='ltr'>civitate</span> <span class='ocrx_word' id='word_1_121' title='bbox 2550 2371 2730 2436; x_wconf 87' lang='lat' dir='ltr'>quae</span> <span class='ocrx_word' id='word_1_122' title='bbox 2769 2355 2839 2418; x_wconf 92' lang='lat' dir='ltr'>in</span> <span class='ocrx_word' id='word_1_123' title='bbox 2864 2354 3292 2436; x_wconf 84' lang='lat' dir='ltr'>agricultura</span> 
     </span>
     <span class='ocr_line' id='line_1_17' title="bbox 735 2472 3290 2555; baseline -0.001 -17"><span class='ocrx_word' id='word_1_124' title='bbox 735 2474 1180 2554; x_wconf 89' lang='lat' dir='ltr'>potissimum</span> <span class='ocrx_word' id='word_1_125' title='bbox 1226 2474 1607 2555; x_wconf 84' lang='lat' dir='ltr'>nitebatur,</span> <span class='ocrx_word' id='word_1_126' title='bbox 1647 2474 1849 2554; x_wconf 87' lang='lat' dir='ltr'>longe</span> <span class='ocrx_word' id='word_1_127' title='bbox 1892 2473 2225 2554; x_wconf 90' lang='lat' dir='ltr'>majorem</span> <span class='ocrx_word' id='word_1_128' title='bbox 2250 2475 2522 2554; x_wconf 90' lang='lat' dir='ltr'>partem</span> <span class='ocrx_word' id='word_1_129' title='bbox 2547 2472 2933 2540; x_wconf 90' lang='lat' dir='ltr'>incolarum</span> <span class='ocrx_word' id='word_1_130' title='bbox 2957 2472 3290 2553; x_wconf 80' lang='lat' dir='ltr'>effecisse,</span> 
     </span>
     <span class='ocr_line' id='line_1_18' title="bbox 734 2567 3289 2674; baseline 0 -19"><span class='ocrx_word' id='word_1_131' title='bbox 734 2608 871 2673; x_wconf 86' lang='lat' dir='ltr'>quo</span> <span class='ocrx_word' id='word_1_132' title='bbox 940 2591 1153 2657; x_wconf 84' lang='lat' dir='ltr'>fiebat</span> <span class='ocrx_word' id='word_1_133' title='bbox 1224 2594 1307 2656; x_wconf 93' lang='lat' dir='ltr'>ut</span> <span class='ocrx_word' id='word_1_134' title='bbox 1376 2592 1833 2674; x_wconf 91' lang='lat' dir='ltr'>plurimorum</span> <span class='ocrx_word' id='word_1_135' title='bbox 1907 2591 2079 2657; x_wconf 92' lang='lat' dir='ltr'>duro</span> <span class='ocrx_word' id='word_1_136' title='bbox 2141 2594 2215 2657; x_wconf 90' lang='lat' dir='ltr'>et</span> <span class='ocrx_word' id='word_1_137' title='bbox 2277 2567 2679 2673; x_wconf 76' lang='lat' dir='ltr'>contempto</span> <span class='ocrx_word' id='word_1_138' title='bbox 2726 2591 2960 2656; x_wconf 92' lang='lat' dir='ltr'>labore</span> <span class='ocrx_word' id='word_1_139' title='bbox 3006 2591 3289 2671; x_wconf 78' lang='lat' dir='ltr'>profusa</span> 
     </span>
     <span class='ocr_line' id='line_1_19' title="bbox 733 2709 3281 2793; baseline -0 -19"><span class='ocrx_word' id='word_1_140' title='bbox 733 2709 1016 2774; x_wconf 82' lang='lat' dir='ltr'>luxuria</span> <span class='ocrx_word' id='word_1_141' title='bbox 1100 2726 1482 2793; x_wconf 89' lang='lat' dir='ltr'>paucorum</span> <span class='ocrx_word' id='word_1_142' title='bbox 1570 2710 1996 2776; x_wconf 89' lang='lat' dir='ltr'>desidiorum</span> <span class='ocrx_word' id='word_1_143' title='bbox 2072 2710 2492 2792; x_wconf 85' lang='lat' dir='ltr'>solveretur,</span> <span class='ocrx_word' id='word_1_144' title='bbox 2562 2709 2850 2775; x_wconf 92' lang='lat' dir='ltr'>dubium</span> <span class='ocrx_word' id='word_1_145' title='bbox 2920 2725 3077 2774; x_wconf 89' lang='lat' dir='ltr'>esse</span> <span class='ocrx_word' id='word_1_146' title='bbox 3143 2726 3281 2774; x_wconf 92' lang='lat' dir='ltr'>non</span> 
     </span>
     <span class='ocr_line' id='line_1_20' title="bbox 730 2828 3284 2911; baseline -0 -17"><span class='ocrx_word' id='word_1_147' title='bbox 730 2830 988 2910; x_wconf 80' lang='lat' dir='ltr'>potest,</span> <span class='ocrx_word' id='word_1_148' title='bbox 1058 2829 1227 2911; x_wconf 86' lang='lat' dir='ltr'>quin</span> <span class='ocrx_word' id='word_1_149' title='bbox 1298 2845 1420 2911; x_wconf 90' lang='lat' dir='ltr'>per</span> <span class='ocrx_word' id='word_1_150' title='bbox 1474 2829 1594 2910; x_wconf 86' lang='lat' dir='ltr'>jus</span> <span class='ocrx_word' id='word_1_151' title='bbox 1658 2829 2026 2895; x_wconf 87' lang='lat' dir='ltr'>colonatus</span> <span class='ocrx_word' id='word_1_152' title='bbox 2073 2830 2317 2911; x_wconf 84' lang='lat' dir='ltr'>ingens</span> <span class='ocrx_word' id='word_1_153' title='bbox 2363 2828 2622 2910; x_wconf 86' lang='lat' dir='ltr'>gradus</span> <span class='ocrx_word' id='word_1_154' title='bbox 2668 2831 3142 2894; x_wconf 86' lang='lat' dir='ltr'>retroversum</span> <span class='ocrx_word' id='word_1_155' title='bbox 3188 2828 3284 2893; x_wconf 89' lang='lat' dir='ltr'>sit</span> 
     </span>
     <span class='ocr_line' id='line_1_21' title="bbox 731 2947 3279 3030; baseline 0 -19"><span class='ocrx_word' id='word_1_156' title='bbox 731 2948 1000 3028; x_wconf 85' lang='lat' dir='ltr'>factus;</span> <span class='ocrx_word' id='word_1_157' title='bbox 1054 2948 1510 3013; x_wconf 88' lang='lat' dir='ltr'>adhaerentia</span> <span class='ocrx_word' id='word_1_158' title='bbox 1555 2948 1959 3014; x_wconf 91' lang='lat' dir='ltr'>colonorum</span> <span class='ocrx_word' id='word_1_159' title='bbox 2012 2965 2153 3013; x_wconf 92' lang='lat' dir='ltr'>una</span> <span class='ocrx_word' id='word_1_160' title='bbox 2198 2965 2358 3013; x_wconf 92' lang='lat' dir='ltr'>cum</span> <span class='ocrx_word' id='word_1_161' title='bbox 2397 2948 2568 3029; x_wconf 85' lang='lat' dir='ltr'>jugo</span> <span class='ocrx_word' id='word_1_162' title='bbox 2619 2947 3054 3030; x_wconf 81' lang='lat' dir='ltr'>hereditatiS,</span> <span class='ocrx_word' id='word_1_163' title='bbox 3100 2947 3279 3029; x_wconf 91' lang='lat' dir='ltr'>quod</span> 
     </span>
     <span class='ocr_line' id='line_1_22' title="bbox 729 3066 3281 3149; baseline 0 -19"><span class='ocrx_word' id='word_1_164' title='bbox 729 3066 890 3131; x_wconf 91' lang='lat' dir='ltr'>aliis</span> <span class='ocrx_word' id='word_1_165' title='bbox 957 3066 1317 3131; x_wconf 89' lang='lat' dir='ltr'>ordinibus</span> <span class='ocrx_word' id='word_1_166' title='bbox 1381 3069 1493 3132; x_wconf 90' lang='lat' dir='ltr'>est</span> <span class='ocrx_word' id='word_1_167' title='bbox 1540 3067 1971 3148; x_wconf 81' lang='lat' dir='ltr'>impositum,</span> <span class='ocrx_word' id='word_1_168' title='bbox 2021 3066 2452 3149; x_wconf 90' lang='lat' dir='ltr'>permultum</span> <span class='ocrx_word' id='word_1_169' title='bbox 2499 3066 2881 3132; x_wconf 89' lang='lat' dir='ltr'>valuerunt</span> <span class='ocrx_word' id='word_1_170' title='bbox 2926 3066 3013 3131; x_wconf 92' lang='lat' dir='ltr'>ad</span> <span class='ocrx_word' id='word_1_171' title='bbox 3060 3068 3281 3132; x_wconf 89' lang='lat' dir='ltr'>matu·</span> 
     </span>
     <span class='ocr_line' id='line_1_23' title="bbox 731 3184 2471 3268; baseline 0.001 -19"><span class='ocrx_word' id='word_1_172' title='bbox 731 3184 1025 3249; x_wconf 89' lang='lat' dir='ltr'>randum</span> <span class='ocrx_word' id='word_1_173' title='bbox 1068 3185 1345 3265; x_wconf 90' lang='lat' dir='ltr'>imperii</span> <span class='ocrx_word' id='word_1_174' title='bbox 1391 3185 1581 3250; x_wconf 90' lang='lat' dir='ltr'>illius</span> <span class='ocrx_word' id='word_1_175' title='bbox 1625 3185 1924 3251; x_wconf 88' lang='lat' dir='ltr'>Romani</span> <span class='ocrx_word' id='word_1_176' title='bbox 1969 3186 2471 3268; x_wconf 74' lang='lat' dir='ltr'>praepotentis</span> 
     </span>
    </p>
   </div>
   <div class='ocr_carea' id='block_1_3' title="bbox 727 3326 1120 3337">
    <p class='ocr_par' dir='ltr' id='par_1_3' title="bbox 727 3326 1120 3337">
     <span class='ocr_line' id='line_1_24' title="bbox 727 3326 1120 3337; baseline 0 0"><span class='ocrx_word' id='word_1_177' title='bbox 727 3326 1120 3337; x_wconf 95' lang='lat' dir='ltr'> </span> 
     </span>
    </p>
   </div>
   <div class='ocr_carea' id='block_1_4' title="bbox 728 3366 3282 4051">
    <p class='ocr_par' dir='ltr' id='par_1_4' title="bbox 801 3366 1564 3439">
     <span class='ocr_line' id='line_1_25' title="bbox 801 3366 1564 3439; baseline 0.001 -16"><span class='ocrx_word' id='word_1_178' title='bbox 801 3368 841 3439; x_wconf 89' lang='lat'>¹)</span> <span class='ocrx_word' id='word_1_179' title='bbox 879 3367 1200 3423; x_wconf 87' lang='lat' dir='ltr'>Decretum</span> <span class='ocrx_word' id='word_1_180' title='bbox 1237 3366 1564 3424; x_wconf 87' lang='lat' dir='ltr'>Commodi.</span> 
     </span>
    </p>

    <p class='ocr_par' dir='ltr' id='par_1_5' title="bbox 728 3454 3282 3873">
     <span class='ocr_line' id='line_1_26' title="bbox 800 3454 3282 3524; baseline 0 -14"><span class='ocrx_word' id='word_1_181' title='bbox 800 3456 843 3523; x_wconf 82' lang='lat'>¹)</span> <span class='ocrx_word' id='word_1_182' title='bbox 880 3454 940 3510; x_wconf 94' lang='lat' dir='ltr'><strong>L.</strong></span> <span class='ocrx_word' id='word_1_183' title='bbox 976 3454 1063 3510; x_wconf 79' lang='lat'><strong>35.</strong></span> <span class='ocrx_word' id='word_1_184' title='bbox 1098 3454 1157 3509; x_wconf 90' lang='lat' dir='ltr'><strong>C.</strong></span> <span class='ocrx_word' id='word_1_185' title='bbox 1194 3454 1250 3510; x_wconf 91' lang='lat' dir='ltr'>J.</span> <span class='ocrx_word' id='word_1_186' title='bbox 1281 3454 1386 3510; x_wconf 91' lang='lat' dir='ltr'><strong>IV.</strong></span> <span class='ocrx_word' id='word_1_187' title='bbox 1419 3456 1518 3524; x_wconf 77' lang='lat'>65;</span> <span class='ocrx_word' id='word_1_188' title='bbox 1554 3455 1626 3512; x_wconf 76' lang='lat' dir='ltr'>cf.</span> <span class='ocrx_word' id='word_1_189' title='bbox 1660 3456 1724 3511; x_wconf 96' lang='lat' dir='ltr'><strong>L.</strong></span> <span class='ocrx_word' id='word_1_190' title='bbox 1758 3456 1846 3512; x_wconf 88' lang='lat'>31.</span> <span class='ocrx_word' id='word_1_191' title='bbox 1888 3487 1941 3496; x_wconf 92' lang='lat'>—</span> <span class='ocrx_word' id='word_1_192' title='bbox 1985 3457 2302 3512; x_wconf 87' lang='lat' dir='ltr'>Praeterea</span> <span class='ocrx_word' id='word_1_193' title='bbox 2338 3457 2399 3512; x_wconf 89' lang='lat' dir='ltr'>L.</span> <span class='ocrx_word' id='word_1_194' title='bbox 2429 3459 2464 3512; x_wconf 89' lang='lat'><strong>4</strong></span> <span class='ocrx_word' id='word_1_195' title='bbox 2500 3457 2564 3512; x_wconf 86' lang='lat' dir='ltr'>et</span> <span class='ocrx_word' id='word_1_196' title='bbox 2596 3454 3078 3511; x_wconf 84' lang='lat' dir='ltr'><strong>5.c.&#39;rh.V11.7.</strong></span> <span class='ocrx_word' id='word_1_197' title='bbox 3101 3455 3282 3511; x_wconf 86' lang='lat' dir='ltr'>Prata</span> 
     </span>
     <span class='ocr_line' id='line_1_27' title="bbox 732 3541 3270 3613; baseline 0 -16"><span class='ocrx_word' id='word_1_198' title='bbox 732 3541 1189 3612; x_wconf 83' lang='lat' dir='ltr'>provincialium</span> <span class='ocrx_word' id='word_1_199' title='bbox 1244 3544 1588 3599; x_wconf 82' lang='lat' dir='ltr'>nostrorum</span> <span class='ocrx_word' id='word_1_200' title='bbox 1623 3543 2025 3613; x_wconf 86' lang='lat' dir='ltr'>perniciosum</span> <span class='ocrx_word' id='word_1_201' title='bbox 2060 3546 2157 3599; x_wconf 86' lang='lat' dir='ltr'>est</span> <span class='ocrx_word' id='word_1_202' title='bbox 2190 3543 2453 3599; x_wconf 90' lang='lat' dir='ltr'>militum</span> <span class='ocrx_word' id='word_1_203' title='bbox 2489 3542 2782 3598; x_wconf 87' lang='lat' dir='ltr'>molestiis</span> <span class='ocrx_word' id='word_1_204' title='bbox 2815 3541 3118 3612; x_wconf 82' lang='lat' dir='ltr'>fatigari..</span> <span class='ocrx_word' id='word_1_205' title='bbox 3139 3582 3152 3597; x_wconf 95' lang='lat'><strong>.</strong></span> <span class='ocrx_word' id='word_1_206' title='bbox 3172 3584 3185 3597; x_wconf 96' lang='lat'><strong>.</strong></span> <span class='ocrx_word' id='word_1_207' title='bbox 3219 3572 3270 3581; x_wconf 95' lang='lat'>—</span> 
     </span>
     <span class='ocr_line' id='line_1_28' title="bbox 732 3627 3281 3700; baseline -0 -15"><span class='ocrx_word' id='word_1_208' title='bbox 732 3630 797 3685; x_wconf 91' lang='lat' dir='ltr'>L.</span> <span class='ocrx_word' id='word_1_209' title='bbox 821 3630 905 3684; x_wconf 91' lang='lat'><strong>11.</strong></span> <span class='ocrx_word' id='word_1_210' title='bbox 931 3627 990 3684; x_wconf 87' lang='lat' dir='ltr'><strong>C.</strong></span> <span class='ocrx_word' id='word_1_211' title='bbox 1021 3628 1129 3684; x_wconf 88' lang='lat' dir='ltr'>Th.</span> <span class='ocrx_word' id='word_1_212' title='bbox 1159 3628 1268 3684; x_wconf 89' lang='lat' dir='ltr'><strong>XI.</strong></span> <span class='ocrx_word' id='word_1_213' title='bbox 1304 3629 1354 3685; x_wconf 85' lang='lat'><strong>7.</strong></span> <span class='ocrx_word' id='word_1_214' title='bbox 1392 3629 1617 3686; x_wconf 82' lang='lat' dir='ltr'>Omnes</span> <span class='ocrx_word' id='word_1_215' title='bbox 1650 3631 1975 3700; x_wconf 86' lang='lat' dir='ltr'>provinciis</span> <span class='ocrx_word' id='word_1_216' title='bbox 2009 3630 2420 3700; x_wconf 84' lang='lat' dir='ltr'>praesidentes</span> <span class='ocrx_word' id='word_1_217' title='bbox 2447 3630 2746 3698; x_wconf 86' lang='lat' dir='ltr'>jussimus</span> <span class='ocrx_word' id='word_1_218' title='bbox 2782 3630 3103 3697; x_wconf 83' lang='lat' dir='ltr'>conveniri,</span> <span class='ocrx_word' id='word_1_219' title='bbox 3140 3630 3213 3684; x_wconf 91' lang='lat' dir='ltr'>ut</span> <span class='ocrx_word' id='word_1_220' title='bbox 3245 3643 3281 3684; x_wconf 87' lang='lat' dir='ltr'>a</span> 
     </span>
     <span class='ocr_line' id='line_1_29' title="bbox 728 3715 3280 3788; baseline -0 -16"><span class='ocrx_word' id='word_1_221' title='bbox 728 3717 815 3772; x_wconf 87' lang='lat' dir='ltr'>rei</span> <span class='ocrx_word' id='word_1_222' title='bbox 857 3718 1096 3772; x_wconf 86' lang='lat' dir='ltr'>nostrae</span> <span class='ocrx_word' id='word_1_223' title='bbox 1132 3717 1531 3773; x_wconf 88' lang='lat' dir='ltr'>conventione</span> <span class='ocrx_word' id='word_1_224' title='bbox 1567 3720 1893 3788; x_wconf 85' lang='lat' dir='ltr'>cessarent,</span> <span class='ocrx_word' id='word_1_225' title='bbox 1928 3732 2023 3788; x_wconf 90' lang='lat' dir='ltr'>ne,</span> <span class='ocrx_word' id='word_1_226' title='bbox 2058 3718 2419 3787; x_wconf 87' lang='lat' dir='ltr'>principales</span> <span class='ocrx_word' id='word_1_227' title='bbox 2454 3716 2848 3773; x_wconf 81' lang='lat' dir='ltr'>necessitates</span> <span class='ocrx_word' id='word_1_228' title='bbox 2880 3717 2944 3772; x_wconf 91' lang='lat' dir='ltr'>in</span> <span class='ocrx_word' id='word_1_229' title='bbox 2972 3715 3280 3786; x_wconf 88' lang='lat' dir='ltr'>publicum</span> 
     </span>
     <span class='ocr_line' id='line_1_30' title="bbox 729 3803 2965 3873; baseline 0 -15"><span class='ocrx_word' id='word_1_230' title='bbox 729 3803 1117 3873; x_wconf 86' lang='lat' dir='ltr'>proferentes,</span> <span class='ocrx_word' id='word_1_231' title='bbox 1153 3803 1380 3871; x_wconf 86' lang='lat' dir='ltr'>eadem,</span> <span class='ocrx_word' id='word_1_232' title='bbox 1415 3819 1534 3873; x_wconf 89' lang='lat' dir='ltr'>qua</span> <span class='ocrx_word' id='word_1_233' title='bbox 1570 3805 1887 3873; x_wconf 75' lang='lat' dir='ltr'>hactenu8‚</span> <span class='ocrx_word' id='word_1_234' title='bbox 1922 3805 1986 3861; x_wconf 91' lang='lat' dir='ltr'>in</span> <span class='ocrx_word' id='word_1_235' title='bbox 2023 3805 2264 3860; x_wconf 88' lang='lat' dir='ltr'>colonos</span> <span class='ocrx_word' id='word_1_236' title='bbox 2287 3804 2607 3873; x_wconf 86' lang='lat' dir='ltr'>iniquitate</span> <span class='ocrx_word' id='word_1_237' title='bbox 2644 3804 2965 3859; x_wconf 86' lang='lat' dir='ltr'>saevirent.</span> 
     </span>
    </p>

    <p class='ocr_par' dir='ltr' id='par_1_6' title="bbox 731 3889 3281 4051">
     <span class='ocr_line' id='line_1_31' title="bbox 801 3889 3280 3958; baseline -0.001 -12"><span class='ocrx_word' id='word_1_238' title='bbox 801 3891 844 3958; x_wconf 79' lang='lat'>²)</span> <span class='ocrx_word' id='word_1_239' title='bbox 880 3891 945 3947; x_wconf 94' lang='lat' dir='ltr'>L.</span> <span class='ocrx_word' id='word_1_240' title='bbox 981 3891 1065 3946; x_wconf 84' lang='lat'><strong>12.</strong></span> <span class='ocrx_word' id='word_1_241' title='bbox 1101 3892 1137 3958; x_wconf 66' lang='lat'>5</span> <span class='ocrx_word' id='word_1_242' title='bbox 1171 3891 1221 3946; x_wconf 84' lang='lat'><strong>2.</strong></span> <span class='ocrx_word' id='word_1_243' title='bbox 1260 3889 1319 3946; x_wconf 87' lang='lat' dir='ltr'><strong>C.</strong></span> <span class='ocrx_word' id='word_1_244' title='bbox 1355 3890 1409 3945; x_wconf 92' lang='lat' dir='ltr'>J.</span> <span class='ocrx_word' id='word_1_245' title='bbox 1446 3891 1554 3947; x_wconf 87' lang='lat' dir='ltr'>XI.</span> <span class='ocrx_word' id='word_1_246' title='bbox 1588 3892 1677 3947; x_wconf 94' lang='lat'><strong>48.</strong></span> <span class='ocrx_word' id='word_1_247' title='bbox 1713 3923 1766 3932; x_wconf 92' lang='lat'>-</span> <span class='ocrx_word' id='word_1_248' title='bbox 1798 3891 1872 3947; x_wconf 92' lang='lat' dir='ltr'>In</span> <span class='ocrx_word' id='word_1_249' title='bbox 1898 3892 1961 3948; x_wconf 91' lang='lat' dir='ltr'>L.</span> <span class='ocrx_word' id='word_1_250' title='bbox 1985 3892 2034 3948; x_wconf 87' lang='lat'><strong>7.</strong></span> <span class='ocrx_word' id='word_1_251' title='bbox 2061 3891 2121 3948; x_wconf 87' lang='lat' dir='ltr'><strong>C.</strong></span> <span class='ocrx_word' id='word_1_252' title='bbox 2144 3892 2198 3947; x_wconf 92' lang='lat' dir='ltr'>J.</span> <span class='ocrx_word' id='word_1_253' title='bbox 2222 3891 2331 3947; x_wconf 94' lang='lat' dir='ltr'><strong>IX.</strong></span> <span class='ocrx_word' id='word_1_254' title='bbox 2354 3892 2426 3947; x_wconf 87' lang='lat'>49</span> <span class='ocrx_word' id='word_1_255' title='bbox 2446 3892 2649 3947; x_wconf 88' lang='lat' dir='ltr'>omnia</span> <span class='ocrx_word' id='word_1_256' title='bbox 2672 3891 3108 3947; x_wconf 85' lang='lat' dir='ltr'>enumerantur</span> <span class='ocrx_word' id='word_1_257' title='bbox 3127 3903 3280 3958; x_wconf 85' lang='lat' dir='ltr'>quae</span> 
     </span>
     <span class='ocr_line' id='line_1_32' title="bbox 731 3977 3281 4051; baseline -0.001 -17"><span class='ocrx_word' id='word_1_258' title='bbox 731 3979 1012 4035; x_wconf 87' lang='lat' dir='ltr'>homines</span> <span class='ocrx_word' id='word_1_259' title='bbox 1046 3979 1361 4048; x_wconf 85' lang='lat' dir='ltr'>proscripti</span> <span class='ocrx_word' id='word_1_260' title='bbox 1397 3978 1717 4049; x_wconf 90' lang='lat' dir='ltr'>descriptio</span> <span class='ocrx_word' id='word_1_261' title='bbox 1753 3980 2048 4035; x_wconf 90' lang='lat' dir='ltr'>bonorum</span> <span class='ocrx_word' id='word_1_262' title='bbox 2085 3980 2460 4051; x_wconf 76' lang='lat' dir='ltr'>(inventaria)</span> <span class='ocrx_word' id='word_1_263' title='bbox 2496 3978 3000 4048; x_wconf 87' lang='lat' dir='ltr'>comprehendere</span> <span class='ocrx_word' id='word_1_264' title='bbox 3036 3977 3281 4044; x_wconf 87' lang='lat' dir='ltr'>debeat;</span> 
     </span>
    </p>
   </div>
   <div class='ocr_carea' id='block_1_5' title="bbox 729 4064 3283 4310">
    <p class='ocr_par' dir='ltr' id='par_1_7' title="bbox 729 4064 3283 4310">
     <span class='ocr_line' id='line_1_33' title="bbox 730 4064 3279 4136; baseline -0.001 -15"><span class='ocrx_word' id='word_1_265' title='bbox 730 4067 811 4121; x_wconf 90' lang='lat' dir='ltr'>ibi</span> <span class='ocrx_word' id='word_1_266' title='bbox 866 4066 1060 4122; x_wconf 89' lang='lat' dir='ltr'>coloni</span> <span class='ocrx_word' id='word_1_267' title='bbox 1119 4066 1281 4121; x_wconf 89' lang='lat' dir='ltr'>inter</span> <span class='ocrx_word' id='word_1_268' title='bbox 1315 4066 1614 4135; x_wconf 87' lang='lat' dir='ltr'>mancipia</span> <span class='ocrx_word' id='word_1_269' title='bbox 1648 4069 1713 4122; x_wconf 87' lang='lat' dir='ltr'>et</span> <span class='ocrx_word' id='word_1_270' title='bbox 1744 4081 1957 4136; x_wconf 89' lang='lat' dir='ltr'>pecora</span> <span class='ocrx_word' id='word_1_271' title='bbox 1992 4068 2424 4122; x_wconf 89' lang='lat' dir='ltr'>memorantur.</span> <span class='ocrx_word' id='word_1_272' title='bbox 2458 4072 2500 4132; x_wconf 92' lang='lat'><strong>(.</strong></span> <span class='ocrx_word' id='word_1_273' title='bbox 2522 4107 2535 4121; x_wconf 93' lang='lat'><strong>.</strong></span> <span class='ocrx_word' id='word_1_274' title='bbox 2558 4107 2573 4122; x_wconf 94' lang='lat'><strong>.</strong></span> <span class='ocrx_word' id='word_1_275' title='bbox 2594 4068 2850 4134; x_wconf 81' lang='lat' dir='ltr'>,quotve</span> <span class='ocrx_word' id='word_1_276' title='bbox 2885 4064 3184 4134; x_wconf 87' lang='lat' dir='ltr'>mancipia</span> <span class='ocrx_word' id='word_1_277' title='bbox 3215 4064 3279 4119; x_wconf 93' lang='lat' dir='ltr'>in</span> 
     </span>
     <span class='ocr_line' id='line_1_34' title="bbox 729 4150 3283 4223; baseline -0.001 -14"><span class='ocrx_word' id='word_1_278' title='bbox 729 4153 988 4222; x_wconf 89' lang='lat' dir='ltr'>praediis</span> <span class='ocrx_word' id='word_1_279' title='bbox 1042 4153 1351 4222; x_wconf 84' lang='lat' dir='ltr'>occupatis</span> <span class='ocrx_word' id='word_1_280' title='bbox 1404 4153 1500 4209; x_wconf 90' lang='lat' dir='ltr'>vel</span> <span class='ocrx_word' id='word_1_281' title='bbox 1553 4154 1785 4209; x_wconf 87' lang='lat' dir='ltr'>urbana</span> <span class='ocrx_word' id='word_1_282' title='bbox 1836 4154 1934 4210; x_wconf 90' lang='lat' dir='ltr'>vel</span> <span class='ocrx_word' id='word_1_283' title='bbox 1987 4154 2214 4209; x_wconf 84' lang='lat' dir='ltr'>rustica</span> <span class='ocrx_word' id='word_1_284' title='bbox 2248 4156 2591 4223; x_wconf 86' lang='lat' dir='ltr'>teneantur,</span> <span class='ocrx_word' id='word_1_285' title='bbox 2626 4155 2767 4223; x_wconf 76' lang='lat' dir='ltr'>quot</span> <span class='ocrx_word' id='word_1_286' title='bbox 2799 4153 2917 4208; x_wconf 75' lang='lat' dir='ltr'>sint</span> <span class='ocrx_word' id='word_1_287' title='bbox 2951 4152 3165 4207; x_wconf 62' lang='lat' dir='ltr'>casaria·</span> <span class='ocrx_word' id='word_1_288' title='bbox 3196 4150 3283 4206; x_wconf 75' lang='lat' dir='ltr'>vel</span> 
     </span>
     <span class='ocr_line' id='line_1_35' title="bbox 729 4240 2400 4310; baseline 0.001 -14"><span class='ocrx_word' id='word_1_289' title='bbox 729 4240 915 4296; x_wconf 80' lang='lat' dir='ltr'>coloni</span> <span class='ocrx_word' id='word_1_290' title='bbox 917 4281 1070 4309; x_wconf 94' lang='lat'><strong>.....</strong></span> <span class='ocrx_word' id='word_1_291' title='bbox 1106 4242 1255 4309; x_wconf 87' lang='lat' dir='ltr'>quot</span> <span class='ocrx_word' id='word_1_292' title='bbox 1289 4254 1573 4310; x_wconf 89' lang='lat' dir='ltr'>pecorum</span> <span class='ocrx_word' id='word_1_293' title='bbox 1607 4243 1671 4297; x_wconf 89' lang='lat' dir='ltr'>et</span> <span class='ocrx_word' id='word_1_294' title='bbox 1703 4243 2117 4297; x_wconf 85' lang='lat' dir='ltr'>armentorum</span> <span class='ocrx_word' id='word_1_295' title='bbox 2150 4245 2400 4310; x_wconf 79' lang='lat' dir='ltr'>greges).</span> 
     </span>
    </p>
   </div>
   <div class='ocr_carea' id='block_1_6' title="bbox 796 4327 3275 4839">
    <p class='ocr_par' dir='ltr' id='par_1_8' title="bbox 796 4327 1508 4390">
     <span class='ocr_line' id='line_1_36' title="bbox 796 4327 1508 4390; baseline -0.01 0"><span class='ocrx_word' id='word_1_296' title='bbox 796 4330 839 4390; x_wconf 87' lang='lat'>⁴)</span> <span class='ocrx_word' id='word_1_297' title='bbox 875 4329 936 4384; x_wconf 93' lang='lat' dir='ltr'>L.</span> <span class='ocrx_word' id='word_1_298' title='bbox 976 4328 1059 4384; x_wconf 88' lang='lat'><strong>18.</strong></span> <span class='ocrx_word' id='word_1_299' title='bbox 1095 4327 1155 4385; x_wconf 87' lang='lat' dir='ltr'><strong>G.</strong></span> <span class='ocrx_word' id='word_1_300' title='bbox 1190 4327 1244 4383; x_wconf 87' lang='lat' dir='ltr'><strong>J.</strong></span> <span class='ocrx_word' id='word_1_301' title='bbox 1279 4327 1389 4384; x_wconf 92' lang='lat' dir='ltr'><strong>XI.</strong></span> <span class='ocrx_word' id='word_1_302' title='bbox 1422 4330 1508 4384; x_wconf 86' lang='lat'><strong>48.</strong></span> 
     </span>
    </p>

    <p class='ocr_par' dir='ltr' id='par_1_9' title="bbox 802 4415 1482 4480">
     <span class='ocr_line' id='line_1_37' title="bbox 802 4415 1482 4480; baseline 0.001 -10"><span class='ocrx_word' id='word_1_303' title='bbox 802 4417 844 4480; x_wconf 81' lang='lat'>⁸)</span> <span class='ocrx_word' id='word_1_304' title='bbox 879 4416 943 4471; x_wconf 94' lang='lat' dir='ltr'><strong>L.</strong></span> <span class='ocrx_word' id='word_1_305' title='bbox 980 4418 1027 4472; x_wconf 91' lang='lat'><strong>1.</strong></span> <span class='ocrx_word' id='word_1_306' title='bbox 1064 4415 1126 4472; x_wconf 87' lang='lat' dir='ltr'><strong>C.</strong></span> <span class='ocrx_word' id='word_1_307' title='bbox 1161 4415 1215 4471; x_wconf 92' lang='lat' dir='ltr'><strong>J.</strong></span> <span class='ocrx_word' id='word_1_308' title='bbox 1249 4415 1358 4472; x_wconf 88' lang='lat' dir='ltr'>XL</span> <span class='ocrx_word' id='word_1_309' title='bbox 1393 4415 1482 4471; x_wconf 84' lang='lat'><strong>68.</strong></span> 
     </span>
    </p>

    <p class='ocr_par' dir='ltr' id='par_1_10' title="bbox 805 4502 1588 4572">
     <span class='ocr_line' id='line_1_38' title="bbox 805 4502 1588 4572; baseline 0.001 -14"><span class='ocrx_word' id='word_1_310' title='bbox 805 4504 846 4570; x_wconf 76' lang='lat'>⁸)</span> <span class='ocrx_word' id='word_1_311' title='bbox 882 4503 933 4558; x_wconf 89' lang='lat' dir='ltr'>N</span> <span class='ocrx_word' id='word_1_312' title='bbox 939 4518 1031 4559; x_wconf 87' lang='lat' dir='ltr'>ov.</span> <span class='ocrx_word' id='word_1_313' title='bbox 1066 4503 1202 4572; x_wconf 79' lang='lat' dir='ltr'>Maj.</span> <span class='ocrx_word' id='word_1_314' title='bbox 1237 4502 1371 4559; x_wconf 89' lang='lat' dir='ltr'><strong>VII.</strong></span> <span class='ocrx_word' id='word_1_315' title='bbox 1407 4502 1588 4572; x_wconf 90' lang='lat' dir='ltr'>praef.</span> 
     </span>
    </p>

    <p class='ocr_par' dir='ltr' id='par_1_11' title="bbox 798 4589 1514 4657">
     <span class='ocr_line' id='line_1_39' title="bbox 798 4589 1514 4657; baseline 0 -11"><span class='ocrx_word' id='word_1_316' title='bbox 798 4590 842 4657; x_wconf 79' lang='grc'>7)</span> <span class='ocrx_word' id='word_1_317' title='bbox 878 4591 941 4646; x_wconf 93' lang='lat' dir='ltr'><strong>L.</strong></span> <span class='ocrx_word' id='word_1_318' title='bbox 975 4592 1062 4647; x_wconf 90' lang='grc'>24.</span> <span class='ocrx_word' id='word_1_319' title='bbox 1099 4589 1160 4645; x_wconf 87' lang='lat' dir='ltr'><strong>G.</strong></span> <span class='ocrx_word' id='word_1_320' title='bbox 1193 4590 1246 4646; x_wconf 96' lang='lat' dir='ltr'><strong>J.</strong></span> <span class='ocrx_word' id='word_1_321' title='bbox 1284 4590 1394 4646; x_wconf 92' lang='lat' dir='ltr'><strong>XI.</strong></span> <span class='ocrx_word' id='word_1_322' title='bbox 1428 4590 1514 4646; x_wconf 92' lang='lat'><strong>48.</strong></span> 
     </span>
    </p>

    <p class='ocr_par' dir='ltr' id='par_1_12' title="bbox 803 4677 1553 4737">
     <span class='ocr_line' id='line_1_40' title="bbox 803 4677 1553 4737; baseline -0.005 0"><span class='ocrx_word' id='word_1_323' title='bbox 803 4679 844 4737; x_wconf 82' lang='lat'>⁸)</span> <span class='ocrx_word' id='word_1_324' title='bbox 886 4678 1035 4734; x_wconf 86' lang='lat' dir='ltr'>Nov.</span> <span class='ocrx_word' id='word_1_325' title='bbox 1072 4677 1202 4733; x_wconf 89' lang='lat' dir='ltr'>Val.</span> <span class='ocrx_word' id='word_1_326' title='bbox 1239 4677 1468 4733; x_wconf 89' lang='lat' dir='ltr'><strong>XXVI.</strong></span> <span class='ocrx_word' id='word_1_327' title='bbox 1504 4681 1553 4733; x_wconf 92' lang='lat'><strong>1.</strong></span> 
     </span>
    </p>

    <p class='ocr_par' dir='ltr' id='par_1_13' title="bbox 809 4763 3275 4839">
     <span class='ocr_line' id='line_1_41' title="bbox 809 4763 3275 4839; baseline -0.001 -17"><span class='ocrx_word' id='word_1_328' title='bbox 809 4768 849 4829; x_wconf 78' lang='lat'>⁰)</span> <span class='ocrx_word' id='word_1_329' title='bbox 887 4766 1046 4822; x_wconf 87' lang='lat' dir='ltr'>Salv.</span> <span class='ocrx_word' id='word_1_330' title='bbox 1101 4765 1185 4821; x_wconf 91' lang='lat' dir='ltr'>De</span> <span class='ocrx_word' id='word_1_331' title='bbox 1237 4767 1376 4834; x_wconf 85' lang='lat' dir='ltr'>gub.</span> <span class='ocrx_word' id='word_1_332' title='bbox 1429 4766 1542 4839; x_wconf 81' lang='lat' dir='ltr'>dei.</span> <span class='ocrx_word' id='word_1_333' title='bbox 1597 4765 1664 4821; x_wconf 90' lang='lat' dir='ltr'><strong>V.</strong></span> <span class='ocrx_word' id='word_1_334' title='bbox 1716 4765 1768 4821; x_wconf 91' lang='lat'><strong>8.</strong></span> <span class='ocrx_word' id='word_1_335' title='bbox 1812 4795 1864 4804; x_wconf 94' lang='lat'><em>-</em></span> <span class='ocrx_word' id='word_1_336' title='bbox 1910 4764 1992 4820; x_wconf 85' lang='lat' dir='ltr'><strong>Cf.</strong></span> <span class='ocrx_word' id='word_1_337' title='bbox 2028 4765 2213 4821; x_wconf 89' lang='lat' dir='ltr'>etiam</span> <span class='ocrx_word' id='word_1_338' title='bbox 2251 4764 2545 4821; x_wconf 87' lang='lat' dir='ltr'>nonnulla</span> <span class='ocrx_word' id='word_1_339' title='bbox 2579 4766 2897 4821; x_wconf 87' lang='lat' dir='ltr'>enuntiata</span> <span class='ocrx_word' id='word_1_340' title='bbox 2934 4764 3007 4819; x_wconf 92' lang='lat' dir='ltr'>de</span> <span class='ocrx_word' id='word_1_341' title='bbox 3048 4763 3275 4833; x_wconf 85' lang='lat' dir='ltr'>nuptiis</span> 
     </span>
    </p>
   </div>
   <div class='ocr_carea' id='block_1_7' title="bbox 732 4854 1253 4924">
    <p class='ocr_par' dir='ltr' id='par_1_14' title="bbox 732 4854 1253 4924">
     <span class='ocr_line' id='line_1_42' title="bbox 732 4854 1253 4924; baseline -0.004 -14"><span class='ocrx_word' id='word_1_342' title='bbox 732 4868 957 4924; x_wconf 89' lang='lat' dir='ltr'>eorum,</span> <span class='ocrx_word' id='word_1_343' title='bbox 995 4868 1126 4922; x_wconf 85' lang='lat' dir='ltr'>pag.</span> <span class='ocrx_word' id='word_1_344' title='bbox 1167 4854 1253 4909; x_wconf 83' lang='lat'><strong>34.</strong></span> 
     </span>
    </p>
   </div>
  </div>
 </body>
</html>
