3770 5738
1993 481 2079 546 62

767 696 991 760 neque
1016 677 1235 743 ullam
1260 679 1706 760 scripturam,
1737 680 1870 743 nisi
1896 679 2173 744 accedit
2204 679 2502 762 „publici
2531 696 2782 744 census
2809 680 3230 761 adscriptio”
3260 677 3332 757 1).

770 796 920 862 Hoc
993 798 1192 862 modo
1264 798 1483 877 igitur
1523 783 1852 891 'intellegi
1912 801 2170 879 potest,
2223 798 2655 879 capitatione
2701 799 3008 863 humana
3055 799 3339 865 sublata

768 920 983 998 atque
1046 933 1182 981 una
1255 933 1416 980 cum
1481 933 1562 980 ea
1612 934 1864 981 census
1912 916 2478 999 adscripticione‚
2531 934 2807 982 omnem
2861 935 3120 982 nexum
3172 936 3330 983 cum

772 1014 1050 1098 domino
1099 1034 1330 1115 rumpi
1377 1033 1600 1098 videri
1651 1051 1875 1114 posse,
1926 1035 2027 1098 ita
2075 1038 2155 1097 ut
2198 1035 2670 1099 necessarium
2717 1035 2840 1099 fiat
2888 1038 3336 1117 praeceptum

775 1152 1057 1216 addere:
1136 1155 1413 1235 „tamen
1479 1152 1850 1232 originario
1895 1152 2050 1233 jnre
2098 1151 2543 1217 teneantur.'’
2596 1153 2695 1217 Ut
2745 1153 2945 1218 liberi
2994 1153 3337 1235 agricolae

771 1271 993 1335 coloni
1043 1270 1435 1335 redduntur
1480 1270 1719 1335 addito
1768 1270 1916 1335 illo:
1967 1272 2157 1354 „sine
2189 1271 2392 1335 fortis
2420 1272 2833 1336 tributariae
2859 1273 3010 1337 sive
3036 1273 3336 1353 adscrip-

772 1389 978 1452 ticiae
1050 1389 1282 1452 nexu”
1358 1389 1458 1466 (L.
1517 1390 1571 1452 1.
1627 1388 1695 1453 C.
1745 1389 1806 1453 J.
1855 1388 1981 1453 XI.
2036 1389 2169 1469 53),
2241 1390 2344 1453 ita
2395 1407 2580 1454 nunc
2631 1390 3060 1471 adscripticii
3111 1390 3336 1456 coloni

774 1507 1106 1571 ordinarii
1151 1506 1331 1570 fiunt
1378 1506 1619 1571 addito
1668 1506 1822 1571 illo:
1876 1507 1996 1572 sed
2051 1510 2291 1572 tamen
2342 1507 2697 1587 originarii
2749 1511 3180 1573 remaneant.

864 1624 1112 1690 Procul
1185 1625 1393 1689 dubio
1457 1625 1673 1705 igitur
1722 1625 2077 1690 tributarii
2123 1642 2258 1689 non
2310 1642 2552 1690 omnes
2603 1625 2827 1690 coloni
2878 1625 3336 1707 intellegendi

772 1747 964 1825 sunt,
1035 1744 1154 1808 sed
1229 1744 1438 1807 iidem
1489 1760 1570 1807 ac
1620 1744 2051 1825 adscripticii
2084 1740 2156 1820 2).
2208 1743 2395 1825 Quae
2444 1744 2680 1825 opinio
2728 1761 2867 1808 non
2917 1745 3210 1825 paulum
3257 1762 3336 1810 eo

769 1862 1006 1927 fulciri
1056 1863 1228 1926 mihi
1270 1861 1573 1943 videtur,
1601 1862 1804 1943 quod,
1833 1878 2258 1942 quamquam
2285 1862 2694 1942 saepissime
2720 1880 2878 1927 cum
2903 1862 3337 1944 adscripticii

772 1984 931 2045 tum
1004 1979 1360 2045 tributarii
1431 1980 1642 2060 Juxta
1718 1980 2000 2044 colonos
2072 1981 2546 2059 nominantur,
2619 1997 2902 2061 prorsus
2975 1998 3337 2061 nunquam

774 2098 1260 2179 adscripticios
1301 2098 1515 2178 juxta
1560 2098 1996 2163 tributarios,

863 2215 935 2281 Si
984 2217 1202 2297 igitur
1248 2218 1473 2281 totam
1527 2216 2076 2297 disputationem
2104 2216 2186 2280 de
2216 2216 2512 2281 diversis
2539 2217 2909 2296 generibus
2935 2216 3366 2287 colonorum.

783 2335 1438 2416 comprehendimus
1485 2335 1612 2399 hoc
1659 2334 1802 2399 fere
1851 2334 2054 2399 modo
2104 2334 2517 2400 concludere
2562 2351 2967 2415 possumus:

866 2453 1127 2534 Coloni,
1183 2453 1399 2517 etiam
1445 2455 1809 2534 postquam
1859 2453 2316 2517 adhaerentia
2364 2452 2514 2533 lege
2564 2455 2812 2517 sancta
2845 2455 2976 2535 est,
3003 2453 3337 2519 dicuntur

778 2574 850 2636 et
936 2572 1241 2636 minores
1327 2588 1784 2653 possessoreS,
1876 2574 1949 2636 et
2020 2571 2218 2636 liberi
2290 2571 2769 2652 conductoreS,
2841 2574 2915 2637 et
2985 2572 3333 2652 agricolae

773 2690 1268 2771 adhaerentes3
1318 2690 1462 2754 fere
1511 2706 1784 2771 semper
1830 2692 2073 2755 autem
2123 2691 2477 2771 postremo
2525 2707 2737 2754 sensu
2770 2707 2909 2754 vox
2934 2689 3331 2755 adhibetur.

846 3011 888 3078 1)
926 3011 987 3065 L.
1026 3011 1111 3065 22.
1149 3009 1207 3065 G.
1244 3008 1297 3063 J.
1334 3008 1441 3064 XI.
1478 3009 1565 3065 48.

844 3100 885 3165 ‘)
950 3098 1202 3154 Prorsus
1260 3097 1374 3151 alio
1435 3097 1610 3153 modo
1671 3099 1880 3153 censet
1940 3097 2178 3152 Wsssn
2236 3097 2363 3166 (Die
2424 3098 2593 3153 Rom.
2651 3089 3044 3166 Agrargesch.
3093 3113 3152 3167 p.
3195 3099 3337 3166 265),

777 3185 1038 3250 „....die
1095 3183 1573 3252 Steuerhaftung
1629 3184 1733 3239 der
1786 3183 2178 3240 Dekurionen
2231 3185 2434 3240 ffihrte
2483 3185 2650 3251 daza,
2688 3184 2827 3239 dasz
2863 3199 3006 3239 man
3044 3185 3141 3240 die
3179 3185 3334 3241 stad·

771 3272 1005 3327 tischen
1064 3270 1424 3326 Territorien
1478 3271 1735 3326 vielsach
1790 3272 1853 3326 in
1910 3270 2232 3340 Despotien
2286 3272 2561 3340 zerlegte,
2617 3271 2823 3326 diesen
2880 3271 3205 3340 Despotien
3241 3272 3334 3327 die

775 3358 1087 3414 kleineren
1124 3357 1515 3424 Eigentumer
1552 3357 1845 3426 zuschlug
1885 3358 2007 3412 und
2048 3372 2165 3413 von
2195 3358 2396 3425 jedem
2435 3359 2540 3413 der
2559 3358 2942 3413 Dekurionen
2964 3358 3056 3413 die
3077 3359 3338 3414 Steuern

775 3446 974 3500 seiner
1010 3444 1303 3513 Despotie‚
1340 3444 1465 3499 also
1503 3445 1798 3513 diejenige
1839 3459 1955 3499 von
1993 3445 2225 3500 seinem
2263 3446 2444 3500 unter
2480 3446 2719 3514 eigener
2737 3444 3098 3501 Wirtschaft
3120 3446 3339 3501 befind·

778 3531 978 3586 lichen
1032 3529 1216 3597 Land,
1276 3544 1396 3584 von
1450 3530 1563 3585 den
1619 3530 2140 3598 zugeschlagenen
2198 3529 2678 3585 Kleinbesitzern
2733 3530 2858 3585 und
2905 3530 3023 3585 den
3071 3530 3337 3587 Colonen

771 3619 974 3684 erhob‚
1012 3616 1135 3672 und
1179 3616 1369 3671 damit
1404 3616 1497 3671 die
1534 3632 1640 3672 zur
1677 3617 1956 3685 Despotie
1993 3617 2315 3686 geborigen
2339 3617 2903 3685 Steuerpssichtigen
2931 3618 3339 3674 thatsachlich

768 3704 1215 3760 mediatisierte.
1252 3702 1357 3757 Die
1396 3703 1694 3759 tributarii
1735 3704 1871 3758 sind
1911 3704 2103 3759 dieser
2144 3704 2331 3759 Stand
2373 3705 2478 3760 der
2502 3704 2930 3759 Hintersassen
2956 3718 3074 3760 von
3096 3705 3336 3761 Posses·

770 3791 998 3848 soren.’'
1036 3791 1367 3859 Explicatio
1403 3790 1504 3850 illa
1535 3791 1752 3846 nititur
1800 3791 1863 3845 L.
1900 3791 1949 3846 2.
1988 3790 2047 3846 C.
2085 3790 2190 3846 Th.
2233 3791 2340 3846 XI.
2378 3793 2437 3847 7:
2475 3791 2909 3861 Unusquisque
2946 3791 3189 3849 decurio
3225 3807 3331 3861 pro

772 3895 842 3936 ea
894 3879 1163 3949 portione
1216 3878 1629 3946 conveniatur,
1684 3879 1747 3933 in
1802 3893 1922 3947 qua
1959 3879 2053 3934 vel
2090 3879 2217 3946 ipse
2256 3879 2349 3934 vel
2387 3880 2636 3934 colonus
2672 3880 2767 3934 vel
2807 3879 3168 3934 tributarius
3203 3881 3337 3948 ejus

771 3967 1129 4023 convenitur
1191 3964 1254 4018 et
1308 3965 1554 4033 colligit3
1615 3981 1806 4034 neque
1859 3966 2105 4021 omnino
2161 3981 2266 4034 pro
2323 3966 2438 4022 alio
2496 3966 2815 4021 decurione
2881 3966 2974 4021 vel
3029 3966 3334 4022 territorio

771 4053 1180 4109 conveniatur.
1232 4051 1302 4106 Id
1355 4052 1516 4107 enim
1571 4052 1940 4121 prohibitum
1995 4067 2127 4107 esse
2186 4052 2575 4110 manifestum
2632 4054 2729 4109 est
2786 4055 2848 4107 et
2883 4054 3329 4109 observandum

772 4141 1068 4208 deinceps,
1121 4153 1240 4208 quo
1285 4140 1469 4206 juxta
1521 4139 1677 4195 hanc
1737 4141 2006 4195 nostram
2062 4140 2467 4208 provisionem
2524 4140 2730 4195 nullus
2766 4154 2870 4209 pro
2909 4141 3024 4195 alio
3061 4141 3334 4208 patiatur

771 4228 1072 4296 injuriam.
1128 4257 1179 4265 -
1238 4225 1607 4281 Tributarios
1659 4229 1864 4282 autem
1921 4241 2040 4282 non
2085 4227 2316 4296 „kleine
2355 4226 2781 4293 Eigentfimer'’
2824 4226 3012 4281 fuisse
3048 4230 3221 4295 patet
3258 4242 3336 4281 ex

774 4315 835 4369 L.
875 4315 955 4370 12.
997 4314 1056 4369 C.
1091 4313 1144 4370 J.
1181 4313 1289 4368 XI.
1323 4313 1410 4368 48.
1448 4313 1548 4367 ubi
1585 4327 1794 4372 eorum
1831 4313 2059 4368 domini
2098 4313 2325 4370 mentio
2362 4313 2432 4368 fit
2450 4318 2512 4368 et
2532 4313 3104 4369 nominanturinter
3123 4328 3333 4369 servos

774 4403 838 4457 et
889 4401 1245 4469 inquilinos:
1303 4399 1552 4469 „Servos
1606 4400 1700 4454 vel
1757 4400 2108 4455 tributarios
2164 4400 2258 4455 vel
2294 4400 2624 4469 inquilinos
2680 4400 2838 4468 apud
2876 4401 3152 4456 dominos
3200 4400 3339 4456 volu

772 4503 912 4543 mus
944 4488 1306 4543 remanere.”
1344 4486 1610 4542 Conferri
1649 4487 1945 4555 imprimis
1981 4488 2187 4555 potest
2224 4488 2284 4542 L.
2321 4489 2370 4542 3.
2409 4487 2467 4542 C.
2506 4488 2559 4543 J.
2586 4488 2694 4543 XI.
2732 4491 2817 4543 54.
2858 4488 2959 4543 ubi
2995 4489 3344 4544 decernitur

773 4575 845 4630 de
897 4575 1158 4630 dominio
1217 4575 1539 4630 liberorum
1601 4573 2089 4630 tributariorum:
2150 4575 2245 4644 „Si
2300 4575 2624 4642 cujuslibet
2681 4576 3034 4630 tributarius
3062 4575 3344 4643 junxerit

773 4661 885 4717 sibi
921 4662 1304 4718 tributariam
1341 4676 1611 4727 uxorem,
1651 4662 1803 4717 vele
1829 4663 2125 4717 contrario
2145 4662 2196 4716 si
2217 4662 2538 4730 cujuslibet
2561 4662 2778 4718 ancilla
2796 4675 2967 4718 servo
2987 4661 3345 4730 sejunxerit

775 4748 985 4817 alieno,
1055 4750 1179 4804 tam
1254 4749 1553 4805 tributarii
1629 4763 1813 4817 quam
1913 4751 2070 4804 servi
2144 4749 2301 4804 filios
2374 4752 2641 4805 matrum
2695 4750 2864 4818 sequi
2923 4750 3341 4805 condicionem

776 4850 1103 4905 earumque
1138 4850 1302 4891 more
1338 4835 1702 4904 genitricum
1740 4850 1989 4890 suarum
2028 4835 2289 4891 dominis
2325 4836 2602 4892 subditos
2636 4851 2770 4893 esse
2808 4835 3184 4893 censemus'’.
