3770 5738
1704 505 1830 572 157

485 704 720 786 populi
791 703 1070 769 ordines
1139 706 1424 770 tantum
1496 703 1851 786 valebant,
1928 705 2183 784 quibus
2232 706 2550 787 potentia
2597 705 3047 787 imperatoria

486 822 873 887 nitebatur:
956 823 1418 903 magistratus
1488 825 1560 886 et
1631 822 1979 905 officialeS,
2055 825 2434 906 exercitus,
2509 823 2707 905 plebs
2754 825 3042 889 urbana.

486 940 788 1022 Quorum
844 940 1271 1021 praesidium
1320 944 1401 1004 ut
1448 940 1844 1020 acquireret
1900 943 1973 1005 et
2019 941 2383 1023 retineret,
2432 942 2729 1023 pecunia
2775 941 2838 1006 ei
2870 958 3045 1023 opus

484 1061 653 1136 erat,
703 1075 976 1139 semper
1023 1059 1342 1140 pecunia,
1405 1060 1511 1123 i.e.
1565 1059 1872 1124 tributis.
1931 1058 2148 1142 „Sous
2195 1059 2510 1141 l'empire
2559 1060 2777 1125 Rome
2830 1059 3042 1143 (legez

479 1177 886 1259 imperator)
986 1177 1254 1241 n’avait
1326 1177 1533 1258 qu’un
1611 1177 1842 1242 souci:
1917 1177 2211 1258 l’impot.
2285 1179 2484 1242 Avec
2558 1179 2640 1244 de
2713 1176 2838 1243 l'or
2910 1176 3045 1244 elle

483 1296 792 1360 achetait
862 1295 982 1359 des
1053 1294 1344 1376 soldatS,
1413 1311 1586 1360 avec
1660 1295 1741 1359 de
1817 1294 2143 1359 l'annone
2214 1295 2346 1361 elle
2416 1296 2519 1360 les
2569 1295 3042 1377 entretenait;

483 1430 654 1477 avec
723 1429 838 1478 ses
906 1414 1169 1477 tributs
1240 1430 1325 1477 en
1374 1415 1626 1492 argent
1675 1431 1764 1478 ou
1814 1430 1900 1477 en
1951 1416 2225 1494 nature,
2275 1431 2447 1479 avec
2499 1414 2563 1478 le
2611 1414 2873 1479 travail
2923 1414 3046 1480 des

488 1530 712 1612 villeS,
785 1531 1263 1611 corporations
1327 1534 1398 1596 et
1470 1531 1697 1595 curies
1772 1530 1905 1596 elle
1980 1532 2276 1612 pouvait
2321 1536 2582 1596 mettre
2631 1548 2715 1597 en
2766 1549 3045 1598 mouve-

484 1652 678 1713 ment
748 1652 937 1714 cette
1010 1651 1213 1713 vaste
1284 1649 1901 1714 administration''
1932 1646 2006 1733 1).
2079 1650 2316 1731 Atque
2365 1650 2723 1731 praecipui
2773 1650 3045 1716 reditus

485 1771 685 1833 erant
734 1766 1006 1832 tributa
1053 1766 1547 1847 agriculturae.

575 1886 786 1952 Hisce
851 1885 1141 1950 tribut's
1190 1885 1472 1951 colonos
1521 1902 1943 1966 magnopere
1994 1902 2149 1950 esse
2198 1902 2567 1967 oppressos
2601 1885 2749 1966 jam
2796 1886 3045 1951 statim

485 2022 572 2070 ex
621 2022 703 2069 ea
752 2005 904 2085 ipsa
947 2021 1023 2069 re
1070 2002 1301 2084 colligi
1351 2006 1608 2086 potest,
1666 2004 1849 2083 quod
1904 2004 2360 2068 adhaerentia
2408 2004 2476 2068 in
2527 2022 2734 2069 usum
2762 2007 3046 2087 recepta

486 2127 630 2205 est;
702 2124 964 2188 etenim
1038 2123 1204 2187 haec
1253 2123 1427 2203 legis
1475 2123 1906 2187 interventio
1956 2123 2350 2187 necessaria
2396 2140 2533 2187 non
2583 2123 2861 2205 fuisset,
2909 2124 3046 2188 nisi

489 2241 888 2306 colonorum
937 2241 1249 2305 condicio
1298 2243 1448 2305 tam
1495 2240 1726 2306 tristis
1772 2241 2048 2322 fuisset,
2092 2243 2173 2304 ut
2198 2243 2436 2320 partes
2462 2258 2627 2305 suas
2655 2242 3047 2307 detrectare

491 2362 930 2425 conarentur.
983 2359 1179 2425 Haec
1227 2359 1606 2440 singularis
1652 2360 2003 2424 acerbitas
2051 2359 2480 2424 tributorum
2529 2360 2855 2425 cohaeret
2886 2378 3046 2425 cum

491 2495 730 2542 eorum
768 2494 1019 2558 genere
1063 2480 1135 2542 et
1176 2481 1453 2542 natura.
1495 2477 1692 2542 Inter
1715 2494 1817 2560 ea,
1845 2494 2021 2559 quae
2046 2478 2505 2558 imperatores
2530 2477 2710 2558 plebi
2738 2480 3046 2544 urbanae

491 2596 986 2677 largiebantur,
1082 2596 1311 2661 multa
1386 2597 1590 2661 erant
1664 2596 1750 2660 ad
1829 2596 2057 2660 vitam
2131 2596 2556 2661 cotidianam
2627 2597 3045 2680 necessaria,

488 2717 653 2780 ante
719 2715 859 2779 alia
912 2719 1153 2780 autem
1200 2714 1656 2779 frumentum.
1709 2714 2113 2796 Prospicere
2161 2717 2244 2779 ut
2298 2715 2426 2780 hoc
2475 2732 2751 2796 semper
2799 2733 3043 2797 suppe-

489 2833 772 2916 ditaret,
844 2850 978 2914 quo
1048 2833 1269 2915 plebis
1339 2835 1614 2899 mentes
1687 2833 1974 2899 sedatae
2046 2835 2435 2916 manerent,
2476 2834 2660 2899 haud
2710 2834 3043 2916 exiguum

490 2969 743 3017 munus
790 2952 929 3016 fuit
980 2953 1484 3033 imperatorum
1533 2969 1999 3018 romanorum.
2056 2951 2237 3037 „Das
2284 2951 2520 3032 billige
2569 2951 2895 3019 Getreide
2921 2955 3046 3019 hat

490 3072 619 3135 den
689 3070 1084 3136 romischen
1172 3071 1688 3135 Casarenthron
1763 3071 2103 3135 errichtet
2181 3070 2323 3134 und
2396 3070 2670 3152 billiges
2718 3070 3046 3138 Getreide

489 3189 680 3253 ward
752 3188 1109 3253 furderhin
1177 3188 1367 3253 scine
1414 3188 1859 3268 unablassige
1909 3186 2163 3268 Sorge’'
2193 3184 2268 3271 2).
2319 3187 2498 3252 Illud
2549 3190 2876 3268 praebere
2923 3190 3042 3254 im·

489 3309 812 3388 peratum
882 3310 1036 3370 erat
1107 3307 1511 3388 provinciis,
1584 3306 1928 3388 imprimis
1998 3306 2323 3388 Aegypto
2396 3310 2468 3371 et
2519 3307 2822 3389 Africae,
2869 3326 3046 3389 quae

487 3425 615 3489 hoc
664 3425 1010 3489 tributum
1045 3425 1253 3489 rebus
1279 3424 1725 3489 naturalibus
1751 3424 2225 3490 conferebant.
2266 3462 2327 3471 —
2368 3425 2541 3489 Cum
2568 3425 3045 3491 Diocletianus

487 3543 858 3624 imperium
927 3542 1452 3623 adipisceretur,
1528 3542 1787 3608 milites
1845 3541 1994 3624 ¹iam
2043 3543 2408 3623 speciebus
2456 3543 3042 3627 exsolvebantur;

488 3661 890 3726 voluntaria
938 3661 1273 3741 pecuniae
1321 3661 1505 3726 dona
1550 3661 1935 3742 (donativa)
1984 3660 2468 3726 additamento
2517 3665 2722 3727 erant
2749 3658 2833 3744 3);
2875 3664 3043 3729 haec

484 3779 816 3861 stipendii
880 3779 1322 3861 persolvendi
1386 3780 1567 3844 ratio
1631 3784 1880 3860 postea
1943 3778 2030 3843 ad
2091 3795 2333 3844 omnes
2381 3779 2705 3845 officiales
2753 3781 3045 3862 profere-

492 3899 694 3962 batur
720 3892 792 3977 4).
860 3896 1066 3961 Haud
1117 3913 1272 3961 raro
1319 3900 1561 3962 autern
1609 3897 1679 3980 ii,
1729 3898 1982 3979 quibus
2030 3897 2444 3961 mandatum
2491 3900 2643 3962 erat
2691 3899 3045 3980 stipendia

487 4080 643 4149 (post
677 4081 1052 4149 Augustum)
1088 4080 1192 4135 der
1228 4080 1401 4136 Staat
1437 4082 1554 4137 mit
1591 4081 1728 4136 dem
1767 4080 1985 4136 Kaiser
2018 4080 2420 4149 identiflziert,
2460 4080 2587 4135 und
2624 4096 2689 4136 es
2709 4081 2917 4137 wurde
2938 4082 3046 4137 das

485 4166 801 4235 einseitige
861 4167 1429 4236 „Staatsinteresse”
1491 4167 1933 4236 durchgefnhrt
1992 4169 2337 4235 gegem'iber
2390 4167 2526 4223 dem
2581 4168 2884 4225 Interesse
2940 4168 3045 4225 der

488 4252 938 4323 Unterthanen,
992 4254 1099 4310 das
1148 4269 1252 4323 gar
1304 4255 1481 4310 keine
1543 4254 1921 4323 Vertretung
1976 4255 2165 4309 hatte.
2232 4254 2556 4309 Politische
2594 4256 2793 4311 Macht
2830 4257 3043 4313 hatten

487 4354 695 4397 ausser
730 4341 866 4396 dem
903 4341 1118 4398 Kaiser
1155 4356 1271 4397 nur
1308 4342 1649 4410 diejenigen
1686 4341 1931 4409 Stande,
1969 4341 2161 4396 durch
2199 4342 2428 4397 welche
2465 4356 2530 4396 er
2565 4343 2836 4410 regierte.

558 4428 602 4493 ι)
637 4428 937 4496 warren,
973 4428 1133 4484 Hist.
1169 4429 1242 4485 de
1283 4429 1663 4498 l’Esclavage.
1701 4428 1812 4483 111.
1850 4443 1907 4497 p.
1941 4429 2064 4484 252.

557 4516 598 4585 ¹)
635 4516 1090 4586 Horrume‘rnn,
1126 4517 1163 4572 l.
1201 4532 1247 4572 c.
1285 4532 1341 4586 p.
1370 4517 1455 4572 76.

562 4603 601 4668 ³)
638 4603 856 4674 Sumen,
895 4603 1259 4660 Geschichte
1297 4604 1373 4659 11.
1411 4605 1532 4659 254.

556 4693 593 4753 ⁴)
635 4692 878 4746 ibidem.
917 4707 969 4760 p.
1006 4693 1125 4761 255,
1162 4707 1218 4761 p.
1253 4692 1374 4747 256.
1412 4692 1564 4747 Dasz
1601 4691 1728 4745 dies
1766 4691 2011 4760 system
2048 4705 2386 4760 sparsamer
2423 4705 2549 4746 war
2584 4691 2674 4747 als
2694 4693 2785 4749 die
2804 4692 3044 4752 frfihere

489 4776 994 4845 Geldwirtschaft,
1044 4780 1194 4835 laszt
1228 4779 1357 4834 sich
1393 4779 1508 4834 mit
1546 4779 1757 4847 gutem
1796 4778 2043 4834 Grunde
2080 4776 2444 4833 bezweifeln.
2484 4778 2655 4834 Denn
2693 4779 2797 4836 der
2831 4782 3046 4839 Bedart

489 4879 566 4920 an
622 4865 972 4922 Naturalien
1027 4866 1172 4922 liesz
1228 4866 1360 4922 sich
1414 4865 1590 4921 nicht
1643 4864 1740 4921 ffir
1767 4865 1952 4934 jeden
1987 4865 2298 4922 einzelnen
2336 4879 2532 4934 genau
2567 4867 2936 4940 berechnen;
2971 4870 3047 4929 da
