3770 5738
1704 498 1832 562 173

469 692 852 758 effecerunt
899 697 980 758 ut
1026 711 1288 759 novum
1337 695 1757 760 institutum
1807 695 2105 762 celerius
2155 700 2229 763 et
2277 699 2494 764 simili
2542 700 2812 766 ratione
2846 701 3034 766 adhi-

470 812 770 894 beretur,
844 814 927 876 ut
991 814 1294 893 primum
1363 814 1596 894 aliquo
1669 814 1820 880 loco
1893 816 2222 897 apparuit
2270 833 2480 896 quam
2529 821 3034 898 quaestuosum

468 931 540 993 et
587 930 763 994 utile
819 932 1029 995 esset.
1080 930 1327 1012 Itaque
1376 937 1548 1013 puto
1574 933 1647 996 in
1675 933 1979 998 saltibus
2006 934 2478 1015 imperatoriis
2504 936 3034 1003 adhaerentiam

468 1052 691 1112 ortam
740 1047 1022 1128 quidem
1068 1066 1205 1114 non
1233 1066 1407 1132 esse,
1435 1050 1555 1115 sed
1600 1068 1718 1116 eos
1743 1051 2088 1133 imprimis
2114 1053 2182 1117 id
2209 1053 2602 1135 perfecisse,
2630 1057 2712 1119 ut
2738 1055 3033 1120 celerius

472 1165 672 1246 longe
721 1165 999 1247 lateque
1052 1167 1122 1230 in
1173 1185 1380 1232 usum
1429 1168 1862 1233 cotidianum
1913 1171 2363 1252 reciperetur.

557 1283 919 1349 Postremo
968 1284 1116 1350 loco
1146 1302 1365 1350 unum
1390 1286 1606 1351 etiam
1633 1290 2068 1353 momentum
2093 1289 2564 1354 animadverti
2593 1291 2819 1372 debet,
2847 1292 3029 1370 quod

469 1401 676 1482 viam,
750 1419 887 1483 qua
957 1403 1043 1467 ab
1096 1402 1422 1468 libertate
1471 1404 1556 1469 ad
1605 1404 2134 1470 adhaerentiam
2189 1407 2602 1472 descensum
2660 1411 2791 1490 est,
2842 1412 3031 1491 pate-

463 1519 711 1584 fecisse
760 1521 1017 1600 potest.
1067 1520 1308 1602 Inopia
1344 1523 1816 1603 operariorum
1843 1524 2213 1589 consilium
2237 1529 2571 1606 ceperant
2595 1543 3030 1608 possessores

467 1640 548 1702 ut
617 1655 860 1703 servos
910 1639 1212 1704 rusticos
1259 1640 1461 1719 quasi
1511 1640 1791 1706 colonos
1838 1641 2282 1708 collocarent.
2381 1643 2554 1709 Cum
2599 1645 2908 1726 alioquin
2957 1646 3029 1709 hi

465 1755 651 1820 servi
697 1756 829 1820 sub
878 1756 1168 1821 custode
1218 1757 1536 1840 quodam,
1585 1776 1674 1824 ex
1724 1759 2038 1841 ipsorum
2088 1757 2316 1826 medio
2342 1761 2586 1844 electo,
2613 1763 3028 1828 decuriatim

462 1873 686 1937 solum
755 1877 1168 1939 exercerent
1236 1877 1331 1957 et,
1403 1880 1615 1957 prout
1662 1879 2136 1943 necessarium
2187 1883 2361 1961 erat,
2411 1879 2498 1946 ab
2541 1898 2680 1946 uno
2728 1898 2892 1962 agro
2940 1882 3025 1947 ad

462 1991 678 2055 alium
748 1993 1169 2075 transibant,
1244 2011 1430 2058 nunc
1494 1996 1679 2076 parti
1724 2013 1987 2080 eorum,
2036 1998 2263 2062 servis
2303 1998 2701 2080 adscriptis,
2751 2000 3029 2082 propria

462 2109 630 2174 villa
677 2111 752 2173 et
799 2111 1122 2192 proprius
1168 2128 1335 2192 ager
1383 2112 1757 2198 dabantur,
1799 2132 2008 2195 quam
2036 2132 2358 2181 unacum
2385 2116 2653 2182 familia
2678 2118 3023 2200 colerent3

463 2244 596 2308 quo
666 2228 934 2292 factum
1005 2233 1116 2293 est
1186 2232 1269 2294 ut
1338 2232 1548 2314 servi,
1621 2234 2050 2299 necessitate
2113 2234 2414 2314 quadam
2466 2236 2909 2301 oeconomica
2954 2237 3026 2301 in

462 2345 681 2411 multo
732 2346 1092 2411 meliorem
1140 2348 1618 2416 condicionem
1664 2351 2152 2432 redigerentur
2180 2348 2248 2429 ¹).
2298 2353 2351 2417 Ε
2394 2354 2744 2419 contrario
2784 2357 3027 2420 autem

461 2463 563 2527 ita
633 2463 1007 2529 discrimen
1076 2465 1265 2529 inter
1333 2483 1577 2533 servos
1626 2472 1699 2534 et
1739 2470 2027 2538 ,colonos
2076 2470 2411 2552 exiguum
2458 2471 2709 2554 fiebat;
2759 2473 3026 2554 aliquot

464 2581 761 2646 saeculis
829 2585 1010 2665 post,
1083 2583 1151 2647 in
1226 2581 1553 2665 epistulis
1627 2578 1942 2660 Gregorii
2017 2597 2260 2661 papae,
2333 2581 2615 2647 omnino
2664 2585 3024 2663 tamquam

464 2715 667 2779 pares
715 2701 1169 2765 nominantur
1194 2675 1272 2777 2).ἢ
1346 2700 1595 2780 Itaque
1643 2697 1770 2762 hoc
1812 2697 1994 2777 juris
2045 2697 2547 2781 deminutione,
2594 2699 2821 2780 qualis
2868 2702 3024 2766 erat

462 2818 814 2899 ademptio
862 2818 1214 2884 libertatis
1264 2816 1654 2898 recedendi,
1705 2817 1945 2882 status
1984 2815 2387 2881 colonorum
2413 2817 2717 2883 deterior
2739 2818 3021 2900 quidem

462 2936 692 3001 factus
740 2940 872 3020 est,
922 2938 1044 3002 sed
1092 2938 1164 3002 in
1213 2939 1368 3002 vita
1417 2935 1769 3002 cotidiana
1819 2935 2282 3000 commutatio
2322 2935 2622 3001 fortasse
2647 2953 2785 3001 non
2811 2938 3023 3002 omni·

465 3056 592 3120 bus
639 3056 1016 3138 conspicua
1065 3057 1457 3122 videbatur.
1510 3054 1662 3119 Hac
1710 3054 1861 3118 sola
1915 3053 2186 3118 ratione
2228 3053 2532 3133 generali
2560 3058 2633 3119 et
2658 3054 3021 3138 indirecta,

463 3177 802 3254 quantum
851 3175 1173 3256 equidem
1222 3175 1446 3256 video,
1495 3189 1861 3238 servorum
1912 3170 2224 3236 condicio
2276 3188 2435 3236 cum
2486 3171 2853 3238 colonatus
2887 3174 3013 3239 ori·

463 3292 620 3371 gine
669 3292 1062 3357 cohaesisse
1107 3295 1364 3374 potest.
1424 3327 1486 3337 —

551 3409 906 3491 Quomodo
979 3411 1195 3491 igitur
1264 3408 1721 3475 adhaerentia
1791 3407 1888 3471 sit
1959 3410 2115 3472 orta
2186 3410 2401 3488 atque
2466 3407 2585 3487 Jus
2654 3407 3022 3474 colonatus

463 3529 930 3593 constitutum
979 3529 1168 3593 hisce
1217 3529 1451 3593 verbis
1501 3528 1740 3608 potest
1778 3526 2288 3606 comprehendi.
2334 3525 2414 3590 In
2443 3526 2845 3607 ingentibus
2873 3528 3022 3592 lati-

461 3645 721 3710 fundiis
792 3645 1015 3727 maJor
1082 3664 1243 3728 pars
1317 3662 1664 3728 agrorum,
1736 3660 1979 3709 omnes
2050 3643 2193 3709 fere
2262 3644 2650 3727 propinqui,
2719 3646 2805 3711 ab
2869 3646 3023 3727 ipsa

463 3762 632 3828 villa
703 3764 977 3846 remoti,
1052 3764 1316 3829 colonis
1390 3763 1820 3828 locabantur.
1893 3762 2085 3827 Duas
2156 3763 2240 3827 ob
2287 3779 2536 3827 causas
2585 3780 3021 3844 possessores

531 3990 570 4057 ¹)
608 3990 823 4046 Servos
880 4006 1117 4060 quoque
1171 4007 1207 4047 a
1259 3992 1460 4048 liberis
1512 3992 1641 4047 suis
1694 3991 1876 4046 dividi
1931 3990 1965 4046 J
1974 3990 2316 4046 ustinianus
2351 3991 2613 4047 vetabat.
2649 3991 2714 4048 L.
2750 3992 2835 4048 11.
2872 3991 2931 4047 C.
2967 3992 3023 4049 J.

461 4076 568 4133 111.
623 4078 720 4135 38:
777 4078 1239 4135 Possessionum
1278 4080 1604 4135 divisiones
1640 4079 1726 4134 sic
1764 4078 1894 4134 fieri
1932 4080 2182 4148 oportet,
2219 4080 2290 4133 ut
2323 4078 2558 4146 integra
2594 4079 2753 4147 apud
2790 4093 3019 4135 succes·

461 4178 654 4219 sorem
692 4180 1190 4234 unumquemque
1227 4181 1539 4222 servorum
1579 4167 1669 4221 vel
1710 4166 2057 4222 colonorum
2095 4165 2504 4234 adscripticiae
2525 4165 2892 4221 condicionis
2911 4180 3017 4222 seu

459 4252 887 4321 inquilinorum
949 4255 1221 4323 proxima
1273 4255 1514 4323 agnatio
1569 4254 1664 4309 vel
1720 4254 2001 4309 adfinitas
2055 4256 2454 4323 permaneret.
2492 4253 2634 4321 Quis
2670 4254 2831 4310 enim
2869 4253 3022 4310 ferat

462 4339 673 4395 liberos
710 4355 746 4394 a
782 4341 1155 4410 parentibus,
1192 4357 1228 4396 a
1263 4341 1548 4397 fratribus
1584 4356 1832 4405 sorowz,
1867 4360 1904 4396 a
1940 4341 2086 4395 viris
2123 4341 2412 4408 conjuges
2450 4342 2794 4409 segregari?
2828 4339 3023 4410 Igitur

459 4426 510 4480 si
546 4427 649 4495 qui
687 4427 1006 4482 dissociata
1042 4429 1105 4483 in
1135 4428 1239 4495 jus
1278 4429 1584 4484 diversum
1622 4428 1920 4497 mancipia
1958 4428 2050 4483 vel
2088 4428 2329 4483 colonos
2367 4428 2684 4497 traxerint,
2733 4428 2794 4483 in
2828 4443 3021 4484 unum

459 4513 665 4568 eadem
727 4514 993 4581 redigere
1054 4518 1365 4583 cogantur.
1432 4545 1484 4554 —
1547 4515 1775 4571 Notatu
1830 4515 2083 4583 dignum
2138 4517 2234 4570 est
2285 4515 2544 4570 eundem
2599 4516 3021 4583 imperatorem

462 4600 936 4669 „inhumanum”
992 4603 1299 4670 putavisse
1354 4604 1607 4669 „terram
1645 4617 1797 4671 quae
1836 4603 1911 4657 ab
1947 4602 2119 4657 initio
2155 4601 2563 4670 adscripticios
2599 4602 2858 4657 habebat
2891 4604 3021 4658 suis

461 4687 898 4754 quodammodo
957 4688 1239 4743 membris
1299 4689 1635 4747 defraudari
1690 4691 1753 4745 et
1808 4690 2052 4745 colonos
2106 4689 2169 4744 in
2222 4688 2355 4744 aliis
2412 4688 2587 4744 terris
2640 4688 3022 4745 demorantes

459 4772 733 4829 dominos
770 4774 962 4830 terrae
1001 4775 1307 4831 maximus
1343 4776 1586 4831 damnis
1620 4776 1913 4832 afficere.”
1950 4776 2033 4841 (L.
2069 4775 2159 4831 23.
2194 4775 2255 4831 C.
2290 4775 2342 4831 J.
2386 4775 2495 4831 XI.
2531 4775 2637 4845 48).

530 4861 572 4930 ¹)
610 4860 1094 4932 KowAnnwsKY,
1132 4862 1236 4918 Die
1274 4864 1730 4919 oeconomische
1766 4863 2202 4933 Entwicklung
2237 4863 2521 4932 Europas.
2554 4862 2601 4918 Ι.
2635 4877 2692 4932 p.
2727 4863 2815 4922 29.
