3770 5738
2021 434 2105 499 74

768 631 1023 696 saltem
1048 632 1136 696 ab
1185 630 1462 711 injuriis
1511 631 1832 697 defensos
1879 649 2054 697 esse.
2106 632 2281 714 Quin
2332 633 2547 698 etiam
2597 633 3011 700 Ronsxnrus
3036 630 3087 711 1)
3133 637 3320 699 autu·

770 750 996 814 mavit
1072 765 1311 814 eorum
1380 750 1689 831 ipsorum
1755 751 1985 831 gratia
2055 768 2318 816 novum
2389 752 2561 816 illud
2621 770 2878 818 munus
2952 754 3324 819 defensoris

770 868 1086 933 civitatis
1155 868 1572 933 institutum
1621 886 1795 949 esse,
1844 869 2159 951 allegans
2217 870 2442 950 legem
2490 871 2840 951 quandam
2886 872 2973 936 ab
3025 871 3326 937 Valenti·

770 987 978 1052 niano
1029 989 1101 1050 et
1150 985 1454 1051 Valente
1498 988 2046 1067 promulgatam:
2108 1005 2307 1072 „cum
2357 988 2581 1053 multa
2628 1006 2753 1070 pro
2800 989 2997 1070 plebe
3045 1007 3086 1054 a
3134 991 3327 1055 nobis

768 1105 1082 1169 studiose
1133 1108 1412 1170 statuta
1462 1106 1628 1186 sint,
1679 1105 1853 1170 nihil
1905 1106 2294 1188 providisse
2335 1122 2462 1170 nos
2502 1107 2923 1172 credidimus
2949 1108 3326 1173 nisidefen·

770 1240 961 1289 sores
1031 1223 1316 1288 idoneos
1389 1221 1929 1300 dederimus”²).
1992 1223 2125 1288 Sed
2176 1225 2476 1305 primum
2527 1224 2968 1290 defensorum
3019 1229 3330 1307 potestas

769 1342 993 1406 multo
1055 1342 1269 1407 latius
1318 1341 1602 1407 valebat
1648 1359 1860 1422 quam
1909 1343 1993 1407 ad
2045 1342 2315 1423 plebem
2366 1322 2701 1408 tuendam
2730 1338 2804 1425 ³),
2856 1343 3014 1408 dein
3054 1344 3125 1408 in
3175 1345 3328 1425 legi-

772 1461 903 1525 bus
953 1477 1129 1541 quae
1178 1461 1262 1526 de
1310 1461 1575 1528 colonis
1627 1466 1849 1540 agunt
1895 1477 2247 1561 nusquam
2298 1478 2541 1525 eorum
2587 1462 2851 1526 mentio
2899 1461 3000 1526 fit.

861 1579 1020 1644 Jam
1069 1579 1374 1644 vidimus
1421 1580 1763 1661 colonum,
1812 1580 1871 1644 si
1923 1582 2169 1645 contra
2217 1579 2799 1645 consuetudinem
2846 1598 3112 1645 merces
3137 1597 3334 1662 auge·

768 1699 998 1780 batur,
1050 1698 1310 1763 domini
1359 1698 1466 1762 sui
1520 1714 1770 1762 nomen
1815 1698 2083 1763 deferre
2132 1698 2483 1780 potuisse;
2533 1699 2725 1764 adire
2776 1699 3122 1764 debebant
3159 1698 3334 1781 judi-

771 1833 920 1881 cem
973 1816 1546 1897 quem·facillime
1595 1817 1925 1897 consequi
1967 1819 2333 1898 poterant3
2382 1816 2443 1880 si
2490 1816 2770 1896 querela
2811 1816 3012 1896 justa
3057 1833 3334 1898 appare-

770 1936 914 2016 bat,
964 1935 1145 2015 quod
1195 1935 1353 2015 plus
1401 1937 1592 1999 esset
1638 1939 1970 2000 exactum
2019 1935 2304 2000 restitui
2353 1951 2435 1999 ac
2483 1935 2554 1998 in
2603 1938 2963 2016 posterum
2986 1935 3338 2017 provideri

773 2053 1067 2117 debebat
1138 2070 1225 2117 ne
1295 2053 1556 2117 iterum
1626 2053 1826 2118 fieret
1854 2048 1928 2135 ⁴).
2002 2053 2265 2117 Deinde
2340 2051 2700 2117 dominum
2757 2070 2953 2118 reum
3001 2052 3231 2118 facere
3277 2054 3339 2117 ei

777 2171 1034 2236 licebat
1080 2171 1151 2235 in
1192 2171 1480 2251 judiciis
1528 2172 1824 2253 publicis
1849 2169 1923 2249 5).

863 2290 1098 2355 Tertio
1148 2291 1427 2354 demum
1476 2290 1627 2355 loco
1675 2289 1864 2371 leges
1914 2289 2344 2354 mentionem
2395 2288 2666 2354 faciunt
2715 2289 3119 2353 certaminis
3159 2290 3343 2353 inter

772 2409 1131 2474 dominum
1204 2413 1277 2474 et
1347 2409 1691 2488 colonum,
1749 2410 1809 2473 si
1882 2410 2069 2473 inter
2140 2425 2213 2472 se
2275 2407 2562 2489 litigant
2634 2408 2716 2472 de
2778 2407 2924 2487 agri
2975 2408 3341 2488 cujusdam

772 2528 1110 2607 dominio;
1182 2543 1358 2608 quae
1421 2528 1601 2592 ratio
1650 2531 1803 2592 tum
1853 2526 2160 2593 ineunda
2207 2527 2302 2591 sit
2347 2526 2796 2591 Justinianus
2842 2524 2996 2609 fuse
3051 2527 3343 2608 exponit

773 2646 842 2710 in
893 2645 1042 2727 lege
1092 2662 1302 2725 quam
1348 2646 1418 2710 in
1469 2645 1926 2710 adnotatione
1974 2644 2180 2709 laudo
2208 2638 2283 2720 6).

771 2876 908 2930 adn.
958 2875 1082 2940 262)
1119 2875 1372 2943 putabat
1404 2874 1516 2929 hoc
1552 2874 1680 2930 loco
1716 2874 1999 2929 censibus
2038 2873 2173 2929 illos
2208 2873 2500 2928 obnoxios
2534 2888 2655 2929 non
2692 2873 3101 2942 colonos.esse
3136 2877 3340 2942 posse:

770 2962 878 3018 das
929 2962 1286 3031 gesetzliche
1340 2961 1582 3029 Verbot,
1636 2961 1812 3016 einen
1867 2961 2126 3040 Colonen
2170 2963 2351 3016 unter
2402 2961 2496 3016 die
2554 2960 2835 3016 Soldaten
2873 2961 3343 3030 aufzunehmen,

771 3051 981 3105 wiirde
1014 3051 1097 3104 im
1135 3049 1564 3117 Widerspruch
1601 3049 1716 3103 mit
1751 3049 1855 3103 der
1891 3048 2228 3103 Thatsache
2264 3048 2501 3118 stehen,
2537 3048 2677 3104 dasz
2712 3049 2926 3117 gerade
2958 3049 3053 3103 die
3076 3047 3342 3104 Colonen

768 3137 948 3192 einen
1000 3136 1434 3191 wesentlichen
1492 3134 1660 3191 Theil
1716 3136 1822 3191 des
1875 3136 2366 3191 Heeresersatzes
2427 3135 2844 3190 ausmachten.
2901 3135 3016 3190 Sed
3053 3135 3205 3190 haec
3241 3135 3344 3190 lex

773 3225 846 3280 ad
884 3238 987 3279 eos
1023 3225 1262 3278 tantum
1301 3225 1552 3292 spectat,
1588 3224 1691 3292 qui
1728 3227 1895 3277 extra
1931 3223 2202 3278 dilectum
2237 3223 2300 3277 in
2337 3222 2617 3277 militiam
2654 3222 2909 3292 irrepere
2946 3225 3260 3279 conantur.

844 3311 886 3375 ¹)
924 3310 1043 3365 Zur
1077 3310 1439 3366 Geschichte
1473 3325 1632 3379 e.q.s.
1668 3325 1723 3379 p.
1760 3311 1880 3379 247,
1917 3311 2054 3365 adn.
2093 3310 2217 3365 33a.

845 3399 886 3467 ³)
926 3397 988 3453 L.
1026 3398 1077 3453 3.
1114 3397 1173 3452 C.
1211 3397 1318 3452 Th.
1356 3397 1403 3452 I.
1439 3398 1525 3453 29.

843 3483 884 3552 ³)
923 3483 983 3540 G.
1020 3484 1095 3540 H.
1130 3484 1365 3552 ΒΑΑιΕ,
1404 3483 1602 3539 Ueber
1636 3483 1752 3538 den
1791 3482 2078 3538 Defensor
2113 3483 2395 3538 civitatis.
2433 3496 2487 3550 p.
2524 3482 2748 3537 29—35.

841 3572 885 3636 ⁴)
922 3571 983 3626 L.
1024 3573 1072 3626 1.
1108 3571 1165 3627 C.
1204 3571 1259 3626 J.
1294 3571 1402 3626 XI.
1438 3572 1523 3626 50.
1564 3570 1848 3639 Quisquis
1884 3570 2134 3627 colonus
2169 3571 2307 3639 plus
2344 3584 2379 3624 a
2414 3569 2656 3625 domino
2693 3570 2971 3638 exigitur,
2998 3584 3181 3638 quam
3203 3572 3350 3625 ante

773 3661 1171 3715 consueverat
1205 3660 1267 3713 et
1302 3673 1483 3726 quam
1521 3658 1584 3712 in
1620 3658 2018 3714 anterioribus
2056 3658 2429 3726 temporibus
2464 3659 2718 3712 exactus
2736 3660 2844 3716 est,
2871 3657 3351 3725 adeatjudicem,

772 3747 949 3814 cujus
981 3746 1245 3816 primum
1281 3746 1502 3815 poterit
1534 3746 1752 3801 habere
1790 3745 2213 3815 praesentiam,
2250 3746 2313 3799 et
2348 3744 2583 3799 facinus
2620 3746 2978 3813 comprobet,
3017 3745 3224 3814 utille,
3243 3745 3348 3813 qui

771 3835 1152 3891 convincitur
1203 3835 1463 3902 amplius
1516 3834 1836 3903 postulare,
1889 3849 2071 3902 quam
2129 3834 2394 3902 accipere
2450 3835 2864 3895 consueverat,
2900 3831 3012 3886 hoc
3050 3831 3246 3887 facere
3284 3833 3348 3887 in

770 3924 1080 3991 posterum
1134 3922 1537 3991 prohibeatur,
1590 3922 1756 3990 prius
1793 3922 2024 3977 reddito
2061 3921 2221 3990 quod
2255 3921 2752 3989 superexactione
2788 3923 3127 3988 perpetrata
3156 3920 3350 3976 nosci·

772 4011 873 4065 tur
908 4010 1258 4065 extorsisse.

844 4097 886 4162 ι)
926 4096 989 4151 L.
1024 4096 1073 4151 2.
1110 4098 1144 4164 5
1179 4097 1229 4151 4.
1268 4095 1369 4150 fin.
1408 4095 1449 4151 C
1502 4096 1555 4151 J.
1593 4094 1702 4150 XI.
1736 4096 1908 4150 50...
1946 4095 2034 4150 ita
2070 4095 2131 4150 in
2171 4094 2494 4149 criminum
2532 4094 2914 4149 accusatione
2932 4108 3085 4162 quae
3105 4094 3352 4162 publica

771 4184 866 4238 est
903 4197 1024 4238 non
1060 4183 1350 4239 adimitur
1383 4184 1471 4238 eis
1507 4184 1747 4251 propter
1782 4195 2362 4249 suam·suorumque
2397 4181 2680 4249 injuriam
2718 4180 3063 4249 experiendi
3082 4181 3351 4236 licentia.

846 4271 883 4330 ⁸)
925 4270 988 4324 L.
1023 4270 1109 4326 20.
1147 4269 1206 4325 C.
1240 4270 1293 4325 J.
1332 4269 1439 4324 XI.
1476 4270 1562 4324 48.
1601 4270 1833 4324 Litibus
1870 4269 2252 4337 imponentes
2289 4268 2662 4322 celeritatem
2683 4269 3007 4335 sancimuS,
3027 4269 3077 4322 si
3099 4269 3351 4337 quando

773 4356 966 4412 coloni
1003 4356 1441 4425 cujuscumque
1479 4357 1846 4412 condicionis
1883 4358 2094 4411 contra
2131 4355 2404 4410 dominos
2447 4356 2639 4411 terrae
2676 4356 3146 4411 declamaverint
3163 4370 3352 4424 super

772 4444 885 4500 hoc
960 4444 1087 4512 ipso
1160 4445 1527 4510 dubitantes»,
1584 4447 1790 4499 utrum
1848 4443 1903 4498 is
1961 4445 2154 4498 terrae
2210 4443 2494 4498 dominus
2553 4443 2648 4498 est
2706 4457 2896 4497 necne
2953 4447 3079 4505 (eos
3134 4445 3347 4498 tamen

775 4531 1049 4600 dicimuS,
1079 4532 1182 4600 qui
1220 4546 1340 4587 non
1381 4547 1457 4586 ex
1497 4532 1676 4599 longo
1712 4531 2065 4600 prolixoque
2107 4532 2373 4598 tempore
2414 4530 2506 4585 vel
2543 4530 2874 4598 longinqua
2908 4532 2971 4584 et
3005 4530 3352 4585 inveterata

773 4618 1078 4674 redituum
1128 4620 1515 4687 susceptione
1563 4617 1969 4673 sufficientem
2008 4617 2232 4672 habent
2270 4618 2587 4683 cautelam,
2623 4618 2687 4671 in
2724 4617 2948 4684 quibus
2986 4617 3231 4672 casibus
3270 4632 3350 4672 ne

774 4705 1221 4761 contradicendi
1257 4706 1502 4775 quidem
1539 4705 1786 4761 licentia
1822 4705 2048 4761 colonis
2087 4704 2463 4772 relinquitur,
2499 4704 2660 4771 longi
2701 4704 2986 4772 temporis
3016 4704 3351 4773 praescrip·

772 4792 937 4848 tione
974 4793 1067 4848 vel
1105 4793 1413 4849 redituum
1450 4791 1943 4862 frequentissima
1978 4793 2412 4860 consequentia
2450 4792 2800 4848 colonorum
2836 4792 3105 4860 impetus
3140 4792 3349 4847 exclu-
