3770 5738
1644 513 1727 578 81

403 713 830 794 procuratori
884 713 1168 778 Africae
1214 711 1287 777 L.
1338 712 1400 776 8.
1453 711 1524 775 C.
1578 712 1699 776 Th.
1747 710 1943 776 XIII.
2000 712 2076 792 13
2127 710 2199 776 L.
2254 711 2361 776 54.
2412 711 2480 777 C.
2527 713 2648 777 Th.
2672 711 2866 777 XVI.
2897 714 2958 777 5.

491 832 552 897 3.
649 830 759 896 Pr.
812 831 922 896 Pr.
973 830 1262 913 Illyrici.
1355 829 1429 894 L.
1480 829 1589 894 43.
1642 829 1711 894 C.
1762 829 1823 895 J.
1875 829 1962 894 II.
2014 829 2074 893 4.

491 950 553 1013 4.
649 949 758 1013 Pr.
813 949 921 1014 Pr.
974 949 1300 1014 Orientis,
1350 947 1423 1012 L.
1481 948 1540 1015 1.
1589 946 1658 1012 C.
1709 947 1832 1012 Th.
1880 946 1967 1011 V.
2021 949 2096 1027 33
2139 947 2210 1013 L.
2269 949 2371 1013 14.
2424 948 2494 1013 C.
2547 949 2668 1013 Th.
2719 948 2845 1014 XI.
2880 951 2960 1031 13

1353 1065 1425 1130 L.
1477 1067 1540 1130 6.
1593 1065 1662 1129 C.
1716 1065 1838 1130 Th.
1890 1065 2014 1129 XI.
2068 1066 2174 1131 24.

695 1185 1116 1269 praesertim
1163 1184 1404 1249 comiti
1477 1182 1789 1249 Orientis
1838 1184 1911 1248 L.
1964 1184 2071 1249 33.
2128 1183 2196 1249 C.
2249 1184 2369 1248 Th.
2419 1184 2580 1248 XII.
2638 1187 2693 1250 1.

1170 1303 1432 1367 vicario
1584 1352 1613 1386 „
1803 1302 1875 1367 L.
1935 1304 1989 1366 1.
2042 1302 2110 1366 C.
2162 1303 2223 1367 J.
2272 1302 2399 1367 XI.
2452 1303 2558 1367 50.

1170 1420 1431 1485 vicario
1478 1419 1695 1485 Asiae
1799 1420 1872 1485 L.
1932 1422 1986 1485 1.
2041 1420 2110 1485 C.
2163 1420 2283 1484 Th.
2335 1420 2420 1486 V.
2479 1422 2580 1485 11.

1171 1538 1415 1603 comiti
1583 1588 1613 1622 „
1803 1538 1876 1602 L.
1928 1539 1989 1602 2.
2041 1537 2110 1603 C.
2159 1538 2222 1603 J.
2270 1538 2395 1603 XI.
2446 1540 2554 1603 50.

488 1655 830 1722 Videmus
895 1656 1114 1735 igitur
1179 1673 1301 1737 per
1375 1658 1606 1721 totum
1677 1656 2051 1736 imperium
2123 1657 2527 1722 colonatum
2595 1656 2966 1736 vulgatum

410 1775 665 1857 fuisse3
716 1790 805 1839 ex
853 1791 986 1855 quo
1037 1778 1275 1839 tamen
1321 1792 1457 1839 non
1507 1775 1828 1854 sequitur
1875 1792 2035 1839 eum
2086 1774 2304 1840 etiam
2352 1775 2610 1856 ubique
2643 1775 2729 1839 ab
2754 1774 2962 1839 initio

409 1893 759 1958 extitisse.
853 1891 1130 1957 Scimus
1200 1892 1386 1957 enim
1455 1909 1619 1957 eum
1691 1893 1763 1957 in
1835 1892 2312 1958 Palaestinam
2383 1895 2457 1957 et
2512 1893 2877 1975 Illyricum
2925 1908 2968 1956 a

412 2010 911 2076 Valentiniano
959 2010 1243 2075 demum
1290 2011 1749 2092 importatum
1797 2028 1954 2076 esse
1980 2005 2051 2089 ¹).

477 2221 517 2287 ι)
552 2221 615 2278 L.
653 2222 700 2276 1.
739 2220 796 2277 o,
832 2221 886 2278 J.
921 2221 1030 2278 XI.
1065 2222 1163 2292 513
1200 2222 1263 2277 L.
1302 2223 1350 2278 1.
1388 2221 1445 2277 c.
1482 2222 1536 2278 J.
1573 2221 1680 2278 XI.
1714 2223 1800 2278 53.
