3770 5738
1946 384 1987 446 8

677 580 1166 660 ascenderunt,
1231 580 1526 645 militiae
1590 581 2003 647 detrahendi
2058 577 2324 664 sunt1).
2400 581 2790 647 Veteranos
2861 583 3046 648 solos
3095 600 3233 648 non

668 698 818 779 jani
865 698 950 762 ad
1000 698 1271 763 rustica
1322 715 1534 779 opera
1580 716 1910 764 revocare
1961 700 2129 764 licet
2158 695 2230 778 2).

766 816 989 881 Etiam
1054 817 1218 881 ordo
1267 817 1700 898 clericorum,
1752 818 1837 883 de
1884 836 2019 900 quo
2068 820 2251 884 infra
2296 819 2526 884 fusius
2578 820 2848 898 agetur,
2902 818 3235 883 beneficio

674 936 1067 1000 vacationis
1142 935 1506 1001 colonatus
1575 938 1859 1003 carebat
1885 933 1955 1004 ³).
2072 939 2330 1020 Quodsi
2402 937 2689 1003 colonus
2760 937 3077 1017 confugit
3147 937 3233 1001 ad

671 1056 1121 1118 sacrosancta
1169 1053 1319 1119 loca
1368 1054 1725 1137 ecclesiae,
1766 1056 2248 1136 religiosorum
2277 1072 2804 1121 oeconomorum
2835 1056 2985 1119 sive
3013 1054 3270 1120 defen·

672 1187 908 1236 sorum
982 1174 1095 1236 est
1162 1188 1322 1236 eum
1398 1173 1484 1237 ad
1553 1173 1984 1238 domicilium
2047 1178 2456 1255 statumque
2503 1174 2800 1255 priorem
2852 1174 3236 1255 remittere,

671 1289 743 1353 in
814 1305 950 1368 quo
1023 1292 1258 1354 tamen
1333 1291 1829 1356 auctoritatem
1909 1309 2111 1356 suam
2181 1292 2265 1356 ad
2329 1291 2672 1356 modicam
2719 1291 3236 1370 humanamque

671 1424 967 1487 poenam
1014 1407 1529 1488 impetrandam
1579 1410 1911 1475 adhibere
1958 1413 2032 1475 et
2073 1412 2353 1474 veniam
2392 1410 2577 1491 apud
2619 1410 2980 1474 dominum
3005 1410 3236 1491 depre-

672 1526 813 1589 cari
883 1528 1202 1607 possunt.
1277 1526 1455 1591 Nam
1526 1531 2016 1609 praeterquam
2084 1528 2267 1608 quod
2331 1528 2492 1593 huic
2540 1545 2662 1610 per
2709 1545 2950 1592 eorum
2998 1528 3236 1593 absen-

670 1643 846 1707 tiam
916 1647 1226 1725 nocetur,
1292 1646 1510 1710 etiam
1556 1646 1853 1711 ecclesia
1902 1646 2406 1711 detrimentum
2454 1646 2644 1726 capit
2692 1663 2906 1727 quum
2951 1646 3235 1725 fugitivi

670 1761 900 1826 alendi
949 1762 1097 1826 sint
1145 1779 1234 1827 ex
1281 1765 1575 1844 pecunia
1622 1781 1801 1844 quae
1849 1765 2210 1844 egentium
2256 1767 2332 1829 et
2379 1780 2767 1846 pauperum
2815 1765 2926 1828 est
2951 1758 3019 1839 ⁴).

764 1879 1066 1944 Colonus
1136 1881 1253 1961 qui
1301 1881 1578 1962 aufugit
1624 1886 1697 1947 et
1744 1900 1993 1963 agrum
2039 1900 2243 1963 quem
2300 1882 2668 1948 colendum
2717 1884 2989 1964 accepit
3036 1882 3235 1947 relin-

671 1999 847 2080 quit,
898 1998 1177 2063 domino
1223 2017 1351 2064 suo
1405 2000 1740 2065 damnum
1766 2001 1974 2065 affeit
1999 2004 2072 2066 et
2096 2002 2362 2065 furtum
2391 2002 2778 2066 committit
2800 2019 2960 2067 cum
2987 2019 3061 2066 se
3091 2002 3237 2082 ipse

671 2117 949 2183 furatur
974 2111 1064 2199 ⁵);
1115 2121 1538 2200 quapropter
1606 2121 1970 2198 tamquam
2020 2137 2269 2183 servus
2318 2119 2390 2183 in
2434 2119 2718 2184 vincula
2756 2120 3131 2200 conjicitur
3160 2114 3236 2202 ⁶).

673 2235 853 2318 Quin
925 2238 1140 2302 etiam
1197 2238 1277 2319 iS,
1327 2238 1444 2318 qui
1493 2239 2105 2317 conaturtantum
2135 2238 2489 2318 aufugere,
2517 2237 2796 2319 culpam
2822 2241 3234 2303 commeret:

746 2476 785 2541 1)
823 2476 886 2530 L.
919 2474 969 2531 3.
1009 2474 1067 2531 O.
1104 2473 1155 2530 J.
1193 2474 1303 2530 XI.
1336 2475 1421 2530 68.
1460 2474 1584 2530 Nos
1619 2475 1803 2531 etiam
1842 2490 1946 2531 eos
1982 2475 2235 2544 discingi
2265 2475 2553 2543 jubemus
2589 2490 2656 2530 ao
2693 2476 2858 2531 reddi
2895 2477 2997 2546 qui
3018 2478 3237 2545 protec-

677 2563 878 2618 torum
915 2562 1141 2617 fuerint
1175 2576 1396 2617 nomen
1431 2562 1650 2631 adepti.
1694 2594 1745 2601 -
1790 2562 1877 2618 De
1914 2563 2350 2632 protectoribus
2382 2562 2516 2617 vide
2541 2563 3240 2632 Marquardt.Romische

678 2648 1282 2717 Staatsverwaltung‚
1317 2648 1394 2703 11.
1432 2664 1487 2718 p.
1523 2649 1645 2704 609.
3137 2638 3140 2641 ’

744 2737 785 2801 ’)
823 2736 885 2791 L.
921 2738 971 2791 4.
1010 2734 1068 2791 C.
1105 2734 1158 2789 J.
1194 2734 1301 2790 XI.
1342 2734 1431 2791 63.
1465 2735 1743 2791 Ceterum
1780 2750 1901 2803 θος,
1937 2736 2039 2804 qui
2077 2737 2490 2792 castrensibus
2527 2735 2842 2804 stipendiis
2881 2736 3002 2792 otia
3038 2738 3241 2805 quieta

675 2823 1031 2879 meruerunt
1082 2822 1351 2878 veterani
1404 2823 1741 2892 constituti,
1798 2837 2181 2894 nequaquam
2236 2824 2432 2894 placet
2489 2823 2610 2880 tela
2661 2823 2725 2879 in
2764 2838 2945 2880 usum
2984 2824 3241 2880 vomeris

675 2911 1010 2979 ligonisque
1048 2911 1417 2965 convertere.

745 2997 786 3065 ⁸)
823 2997 972 3052 Nov.
1028 2996 1153 3052 Val.
1207 2996 1437 3051 XVIII.
1489 2999 1523 3064 5
1579 2996 1632 3052 8.
1686 2997 1775 3052 Ne
1829 2998 1966 3065 quis
2007 3013 2146 3053 vero
2183 2999 2257 3054 de
2295 3000 2406 3055 hac
2444 2999 2574 3068 ipsa
2609 2998 2855 3053 raritate
2891 2998 3236 3054 colonorum

676 3084 994 3139 clericatus
1029 3084 1124 3139 vel
1161 3084 1413 3139 militiae
1450 3083 1756 3153 privilegio
1794 3098 1860 3139 se
1898 3084 2209 3140 existimet
2242 3085 2679 3151 excusandum,
2716 3085 3040 3154 superioris
3074 3084 3243 3153 legis,

677 3184 831 3239 quae
868 3171 981 3226 hoc
1018 3171 1543 3260 inhibetsformam
1581 3170 1906 3239 praecipiet
1940 3173 2246 3227 custodiri.
2339 3204 2344 3210 ·

745 3259 788 3324 ⁴)
828 3258 891 3313 L.
927 3259 978 3314 6.
1012 3260 1046 3325 5
1081 3260 1137 3313 9.
1170 3258 1227 3313 C.
1265 3258 1319 3312 J.
1354 3257 1400 3313 I.
1440 3258 1521 3312 12.
1560 3258 1716 3312 Sane
1752 3259 1803 3313 si
1839 3273 2054 3314 servus
2088 3261 2198 3315 aut
2232 3260 2483 3314 colonus
2507 3259 2602 3314 vel
2623 3257 3236 3328 adscripticius,fami·

674 3346 839 3401 liaris
891 3345 1017 3399 sive
1073 3345 1327 3400 libertus
1381 3348 1443 3401 et
1497 3346 1846 3413 hujusmodi
1883 3346 2084 3415 aliqua
2121 3361 2376 3415 persona
2412 3345 2742 3401 domestica
2778 3346 2873 3400 vel
2909 3345 3241 3400 condicioni

676 3433 919 3488 subdita
962 3433 1378 3500 conquassatis
1412 3434 1593 3488 rebus
1629 3433 1811 3488 certis
1844 3435 2029 3501 atque
2065 3434 2391 3489 subtractis
2426 3433 2535 3487 aut
2570 3446 2633 3488 se
2670 3433 2869 3501 ipsum
2901 3431 3138 3487 furatus
3169 3433 3240 3487 ad

675 3521 1058 3575 sacrosancta
1127 3534 1193 3575 se
1248 3520 1574 3575 contulerit
1630 3519 1774 3584 loca,
1831 3520 2041 3575 statim
2096 3535 2131 3575 a
2168 3521 2459 3588 religiosis
2497 3521 2840 3576 oeconomis
2876 3520 3003 3575 sive
3042 3519 3236 3575 defen-

675 3608 926 3670 soribus,
965 3607 1064 3662 ubi
1102 3607 1364 3675 primum
1403 3608 1515 3662 hoc
1554 3607 1706 3662 scire
1744 3607 2069 3676 potuerint,
2107 3622 2211 3675 per
2229 3622 2331 3663 eos
2351 3608 2630 3663 videlicet
2650 3608 2724 3662 ad
2744 3621 2896 3675 quos
2923 3608 3245 3676 pertinent,

671 3695 821 3763 ipsis
872 3694 1293 3763 praesentibus
1345 3709 1449 3763 pro
1503 3693 1912 3749 ecclesiastica
1965 3694 2278 3764 disciplina
2333 3696 2396 3749 et
2448 3694 2737 3763 qualitate
2791 3695 3096 3750 commissi
3139 3696 3247 3749 aut

675 3782 905 3837 ultione
960 3781 1326 3849 competenti
1387 3784 1494 3836 aut
1530 3780 1962 3836 intercessione
1999 3781 2443 3837 humanissima
2478 3782 2855 3850 procedente,
2891 3782 3245 3837 remissione

674 3868 884 3924 veniae
939 3869 1000 3923 et
1052 3868 1419 3923 sacramenti
1472 3867 1917 3923 interveniente
1971 3869 2165 3923 securi
2203 3869 2276 3924 ad
2314 3869 2515 3924 locum
2552 3870 2902 3938 statumque
2942 3869 3245 3938 proprium

673 3957 1071 4020 revertantur,
1125 3956 1321 4023 rebuS,
1377 3969 1528 4023 quas
1584 3969 1795 4010 secum
1833 3955 2172 4023 habuerint,
2211 3955 2621 4012 reformandis
2667 3956 2907 4011 Diutius
2943 3957 3106 4011 enim
3143 3970 3246 4010 eos

671 4043 831 4097 inter
882 4042 1203 4098 ecclesiam
1263 4057 1386 4098 non
1440 4042 1727 4097 convenit
1782 4044 2155 4110 commorari,
2213 4058 2286 4098 ne
2342 4043 2611 4112 patronis
2663 4057 2773 4098 seu
2831 4043 3091 4098 dominis
3144 4057 3248 4111 per

672 4131 939 4198 ipsorum
994 4130 1330 4185 absentiam
1382 4129 1667 4197 obsequia
1713 4129 1883 4197 Justa
1938 4129 2318 4198 denegent-ur
2372 4132 2437 4185 et
2485 4130 2599 4197 ipsi
2653 4144 2758 4199 per
2792 4130 3246 4186 incommodum

674 4217 961 4271 ecclesiae
998 4218 1311 4284 egentium
1348 4218 1409 4272 et
1445 4230 1777 4285 pauperum
1816 4215 2063 4271 alantur
2098 4218 2401 4285 expensis.

747 4303 792 4367 ⁵)
831 4303 892 4358 L.
927 4304 978 4358 6.
1014 4306 1048 4371 5
1082 4305 1134 4359 9.
1170 4304 1230 4359 C.
1266 4304 1318 4359 J.
1354 4303 1401 4358 Ι.
1439 4304 1696 4358 12......
1733 4317 1797 4358 se
1833 4304 2036 4372 ipsum
2072 4303 2326 4359 furatus
2371 4335 2422 4342 -
2469 4304 2531 4358 L.
2567 4303 2652 4358 23.
2685 4303 3248 4359 C.J.XI.48....et

675 4391 726 4445 si
775 4391 1057 4447 celaverit
1093 4391 1190 4446 vel
1226 4405 1500 4460 separare
1540 4391 1797 4446 conatus
1834 4390 2033 4459 fuerit,
2072 4391 2409 4446 secundum
2446 4391 2794 4460 exemplum
2832 4392 2987 4446 servi
3009 4391 3245 4460 fugitivi

675 4491 807 4533 sese
842 4478 1095 4533 diutinis
1129 4479 1365 4534 insidiis
1401 4478 1587 4533 furari
1622 4477 2013 4545 intellegatur
2018 4519 2204 4533 ......

746 4565 786 4630 ⁸)
824 4565 887 4619 L.
925 4566 973 4620 1.
1010 4564 1069 4620 C.
1104 4565 1157 4619 J.
1194 4565 1301 4620 XI.
1338 4565 1424 4620 53.
1462 4564 1809 4620 Inserviant
1841 4564 2023 4619 terris
2062 4580 2182 4620 non
2223 4565 2539 4621 tributario
2578 4579 2762 4634 nexu,
2786 4565 2890 4620 sed
2919 4564 3163 4620 nomine
3185 4567 3249 4619 et

674 4653 852 4709 titulo
906 4653 1271 4720 colonorum,
1324 4654 1410 4709 ita
1466 4655 1552 4717 ut,
1607 4653 1657 4707 si
1720 4653 2125 4708 abscesserint
2160 4653 2235 4708 ad
2272 4652 2536 4708 aliumve
2574 4652 2944 4719 transierint,
2983 4652 3248 4707 revocati

673 4740 931 4795 vinculis
968 4741 1296 4809 poenisque
1334 4740 1690 4795 subdantur.
