3770 5738
724 505 851 552 XIV

729 684 1360 751 wissenschaften''
1434 702 1488 749 5.
1517 701 1583 748 v.
1658 682 2082 761 Unfreiheit)
2136 683 2330 767 „eine
2378 682 2938 749 abschliessende
2986 683 3289 749 Darstel·

724 821 961 903 lung.”
1032 822 1203 886 Eam
1276 820 1602 886 lacunam
1648 821 1931 902 explere
1979 820 2191 903 volui,
2239 822 2452 899 atque
2501 821 2713 885 tertio
2769 820 2996 902 capite
3044 837 3284 885 omnes

724 974 974 1022 causas
1042 956 1409 1039 complecti
1482 958 1779 1022 conatus
1838 974 2017 1039 sum,
2068 972 2247 1036 quae
2293 956 2725 1036 conjunctim
2773 957 3156 1022 effecerunt
3203 959 3285 1021 ut

724 1092 1091 1158 colonatus
1161 1092 1464 1174 primum
1536 1092 1606 1156 111
1679 1109 1911 1174 11511111,
1962 1091 2118 1157 (16111
2182 1092 2398 1158 etiam
2445 1092 2515 1156 in
2557 1091 2677 1172 jus
2723 1092 3079 1174 publicum
3125 1092 3286 1157 reci-

722 1230 1029 1311 peretur.
1081 1226 1389 1309 Quarum
1438 1244 1809 1293 causarum
1860 1244 2001 1309 635,
2038 1244 2212 1308 (11135
2235 1228 2437 1292 hodie
2463 1228 2944 1293 oeconomicas
2969 1228 3285 1311 (1101111115,

725 1363 1007 1428 uberius
1054 1364 1381 1445 tractavi,
1431 1363 1534 1427 ita
1580 1366 1819 1428 tamen
1869 1365 1953 1427 ut
1998 1363 2294 1428 formam
2334 1362 2706 1443 juridicam
2757 1380 2896 1428 non
2922 1363 3286 1444 neglegere

727 1498 1108 1564 studerem.
1207 1498 1396 1580 Quae
1465 1500 1707 1565 autem
1776 1500 1945 1563 ante
2016 1498 2405 1564 Romanam
2450 1499 2743 1564 fuerunt
2790 1499 3285 1566 adhaerentiae

722 1634 1008 1715 formae,
1080 1634 1231 1699 sive
1279 1634 1350 1699 in
1403 1633 1695 1699 Graecia
1742 1634 1895 1699 sive
1944 1634 2014 1699 in
2059 1634 2212 1716 ipsa
2258 1634 2488 1716 ltalia,
2536 1651 2676 1717 eas,
2727 1653 2888 1711 cum
2935 1636 3006 1699 in
3055 1635 3285 1700 causis

725 1770 809 1835 de
858 1770 1110 1851 quibus
1156 1770 1499 1853 quaesivi,
1523 1787 1661 1835 non
1687 1769 1835 1834 sint
1861 1770 2356 1853 numerandae,
2390 1787 2476 1835 ne
2506 1772 2717 1836 verbo
2743 1770 3025 1853 quidem
3059 1771 3285 1851 tetigi.

722 1907 951 1971 Etiam
977 1906 1134 1971 illas
1160 1907 1627 1988 quaestiones,
1653 1906 2169 1989 pertinueritne
2195 1905 2562 1972 colonatus
2585 1908 2672 1971 ad
2699 1908 2970 1989 imperii
2988 1907 3284 1974 Romani

724 2042 1092 2107 interitum
1140 2042 1662 2124 maturandum,
1704 2042 1962 2123 quidve
1977 2041 2284 2108 valuerit
2306 2043 2813 2124 posterioribus
2829 2045 3283 2126 temporibus,

725 2179 814 2244 ab
885 2179 1014 2242 hac
1078 2176 1574 2243 dissertatione
1638 2176 1929 2243 exclusi.
2018 2177 2277 2259 Quodsi
2325 2196 2829 2259 nonnunquam
2875 2179 3286 2244 recentioris

723 2313 983 2379 aetatis
1028 2312 1350 2394 exempla
1393 2312 1630 2397 attuli,
1672 2313 2123 2395 comparandi
2147 2317 2220 2378 et
2244 2313 2648 2379 illustrandi
2673 2331 2888 2380 causa
2910 2317 3191 2379 tantum
3216 2313 3283 2378 id

722 2450 880 2533 feci,
952 2453 1033 2515 ut
1073 2440 1517 2516 ostenderem
1561 2449 1904 2531 quomodo
1952 2449 2024 2514 in
2072 2448 2533 2515 similitudine
2581 2453 2979 2532 temporum
3025 2449 3286 2515 similia

726 2586 1065 2651 instituta
1110 2588 1351 2651 essent
1390 2589 1567 2668 orta,
1593 2584 1878 2650 minime
1921 2587 2160 2650 tamen
2185 2585 2576 2651 arbitratus
2601 2586 2672 2651 in
2700 2586 3102 2666 hujusmodi
3126 2602 3284 2651 ana·

724 2722 928 2803 logiis
969 2721 1190 2787 ullam
1238 2723 1382 2787 vim
1410 2722 1638 2787 inesse
1664 2722 2213 2803 demonstrandi,
2241 2723 2302 2787 si
2325 2721 2466 2787 alia
2489 2726 2907 2803 argumenta
2931 2723 3280 2787 deessent.

818 2860 1055 2941 Atque
1123 2860 1294 2925 haec
1366 2858 1648 2939 quidem
1719 2859 1804 2924 de
1867 2846 2026 2940 ,iure
2097 2861 2171 2924 et
2242 2858 2506 2940 origine
2569 2858 2937 2925 colonatus
2984 2857 3014 2924 I
3063 2861 3135 2924 et
3182 2857 3282 2925 III

725 2998 960 3079 capite
1002 2996 1333 3077 ,exposui3
1382 2995 1607 3061 altero
1660 3012 1821 3060 vero
1872 2995 2020 3060 dixi
2068 2995 2233 3075 quid
2283 2995 2730 3061 sentiendum
2778 3013 2931 3061 esse
2959 3004 3284 3077 putarem

727 3135 810 3199 de
905 3133 1304 3197 inveterata
1381 3130 1505 3196 illa
1573 3133 1646 3198 et
1716 3132 1931 3196 etiam
2005 3148 2192 3197 nunc
2264 3131 2557 3214 vulgata
2628 3133 2950 3214 opinione
3017 3149 3283 3226 eorum,

728 3269 1074 3352 imprimis
1106 3270 1586 3335 oeconomicae
1636 3268 2045 3350 disciplinae
2088 3269 2493 3350 peritorum,
2542 3270 2662 3349 qui
2710 3269 2998 3334 credant
3044 3269 3287 3351 primis

738 3407 1038 3474 saeculis
1101 3407 1538 3490 principatus
1599 3406 2061 3488 agricolarum
2106 3407 2419 3472 ordinem
2469 3406 2750 3472 omnino
2793 3406 3170 3471 evanuisse
3215 3408 3289 3471 et

737 3545 965 3611 locum
1018 3560 1226 3609 suum
1275 3545 1501 3610 servis
1545 3544 1829 3609 rusticis
1875 3543 2195 3609 cessisse.
2254 3543 2414 3608 Jam
2461 3543 2585 3608 ΤΗ.
2636 3543 2976 3609 1101111551(
3016 3543 3291 3610 monuit

741 3681 922 3746 hanc
955 3680 1386 3746 sententiam
1416 3697 1655 3745 60111111
1686 3696 1840 3745 6556
1872 3695 2010 3744 11011
2045 3696 2268 3762 posse,
2298 3680 2415 3760 qui
2444 3678 2731 3761 Digesta
2759 3680 3288 3761 cognovissent3

738 3816 1113 3883 nonnullas
1182 3817 1398 3881 etiam
1467 3815 1963 3898 inscriptiones
2023 3815 2293 3897 attulit,
2341 3817 2463 3882 sed
2512 3832 2630 3881 eas
2676 3816 3159 3898 paucissimaS,
3206 3819 3290 3882 ut

740 3946 1065 4025 probaret-
1112 3960 1385 4025 semper
1432 3943 1712 4008 colonos
1758 3943 1998 4008 fuisse.
2047 3942 2286 4024 Neque
2320 3945 2559 4007 tamen
2589 3960 2756 4008 vera
2779 3944 3009 4025 opinio
3035 3944 3288 4023 ubique

733 4072 1052 4154 pervicit.
1101 4070 1301 4136 Hanc
1348 4071 1433 4136 ob
1480 4087 1629 4135 rem
1677 4069 2135 4135 utilissimum
2184 4069 2352 4135 duxi
2378 4070 2517 4135 alia
2539 4071 2718 4136 inita
2741 4072 3013 4136 ratione
3036 4069 3288 4135 falsam

731 4199 921 4266 illam
970 4199 1399 4265 sententiam
1446 4197 1878 4280 impugnare,
1927 4199 1999 4262 et
2045 4214 2252 4279 quam
2277 4197 2598 4279 plurimis
2622 4198 2956 4264 adhibitis
2979 4199 3287 4264 testimo·

731 4328 867 4393 niis
882 4330 1250 4393 auctorum
1282 4325 1718 4409 principatus
1750 4324 2168 4408 aequalium,
2201 4341 2424 4407 neque
2456 4327 2543 4391 iis
2578 4343 2811 4392 rerum
2840 4328 3285 4409 potissimum

729 4454 1209 4538 scriptoribus,
1259 4453 1629 4519 ostendere
1681 4453 2145 4534 agricolarum
2169 4454 2477 4519 ordinem
2518 4472 2654 4520 non
2675 4456 2901 4521 solum
2928 4473 3284 4539 nunquam

727 4601 865 4649 non
917 4583 1158 4664 fuisse,
1208 4599 1455 4647 verum
1503 4581 1721 4647 etiam
1767 4597 2041 4662 semper
2088 4581 2456 4663 vulgatum
2501 4582 2781 4664 lateque
2827 4584 3155 4650 divisum.

819 4709 1065 4775 Finem
1136 4708 1387 4774 faciam
1459 4708 1821 4792 praefandi
1893 4708 2198 4790 petenda
2269 4710 2476 4776 venia
2543 4711 2603 4776 si
2671 4712 2828 4791 quis
2870 4712 3074 4794 sorte,
3124 4729 3283 4779 cum

729 4835 914 4921 leget
961 4838 1089 4903 hoc
1139 4836 1576 4919 opusculum,
1625 4835 2019 4902 offendetur
2069 4837 2430 4903 vocabulis
2475 4838 3034 4904 locutionibusve
3083 4839 3283 4906 inele-
