3770 5738
1650 515 1738 581 93

1360 713 1646 795 pellitur
1693 716 2027 794 paternos

736 832 807 896 in
853 831 1014 897 sinu
1061 830 1295 897 ferens
1342 831 1507 896 deos
2395 919 2402 925 θ

926 953 1000 1015 613
1050 967 1227 1015 uxor
1274 953 1349 1014 et
1395 950 1504 1014 vir
1547 949 2000 1029 sordidosque
2047 951 2253 1014 natos
2278 944 2348 1031 ¹).

517 1067 742 1133 Juxta
788 1085 872 1133 ea
917 1069 1290 1133 memorari
1338 1071 1578 1149 potest
1629 1068 1896 1150 LiviuS,
1946 1068 2063 1149 qui
2115 1068 2334 1133 tradit
2381 1068 2530 1132 suis
2555 1068 2990 1150 temporibus

428 1204 670 1268 agrum
733 1186 1152 1252 Volscorum
1238 1187 1519 1251 omnino
1592 1186 1952 1251 desertum
2020 1187 2237 1251 fuisse
2284 1189 2357 1251 et
2426 1187 2651 1252 servis
2701 1187 2987 1251 tantum

428 1307 749 1387 opertum
777 1302 863 1387 2);
912 1306 1085 1370 item
1133 1304 1440 1386 epistula
1490 1321 1696 1385 quam
1739 1305 2057 1369 Tiberius
2098 1305 2375 1369 senatui
2401 1304 2709 1386 scripsit,
2734 1320 2987 1384 rogans

432 1426 659 1489 semet
731 1424 962 1505 ipsum
992 1419 1076 1499 3):
1157 1423 1373 1507 „Quid
1427 1424 1614 1488 enim
1661 1423 1968 1504 primum
2016 1423 2379 1504 prohibere
2426 1425 2499 1487 et
2546 1423 2854 1504 priscum
2901 1422 2988 1486 ad

432 1558 693 1606 morem
765 1542 1070 1607 recidere
1141 1541 1559 1622 adgrediar?
1652 1541 2092 1607 Villa-rumne
2164 1541 2441 1606 infinita
2494 1541 2777 1623 spatia?
2868 1541 2988 1606 Fa·
3073 1596 3077 1601 .

430 1658 781 1723 miliarum
844 1676 1214 1724 numerum
1262 1662 1336 1724 et
1383 1660 1707 1724 nationes
1724 1659 1803 1723 ‘2”
1900 1659 2134 1724 Etiam
2180 1676 2269 1724 ex
2316 1659 2644 1724 Petronio
2694 1658 2989 1723 laudant

427 1778 725 1842 actuarii
770 1778 1464 1861 magniloquentiam,
1496 1777 1840 1858 jactantis
1879 1778 1948 1842 in
1985 1794 2123 1843 uno
2149 1778 2432 1860 praedio
2460 1778 2990 1842 Trimalchionis

432 1912 567 1960 uno
621 1895 732 1960 die
780 1899 986 1961 natos
1034 1913 1186 1961 esse
1241 1913 1494 1977 pueros
1542 1895 1763 1960 XXX
1810 1896 2081 1978 puellas
2128 1896 2257 1960 XL
2284 1891 2353 1972 4).

523 2014 732 2079 Patet
780 2018 1023 2080 autem
1069 2015 1383 2096 singulos
1430 2014 1638 2096 locOS,
1681 2015 1752 2079 in
1802 2015 2057 2094 quibus
2084 2015 2167 2079 de
2195 2015 2599 2094 ingentibus
2623 2031 2990 2079 servorum

434 2133 650 2214 copiis
721 2149 950 2197 sermo
1020 2135 1151 2216 est,
1196 2170 1279 2179 —
1325 2134 1435 2197 fac
1482 2134 1583 2198 eis
1632 2133 1718 2197 ad
1769 2135 2063 2198 verbum
2112 2133 2321 2198 fidem
2367 2150 2520 2199 esse
2574 2134 2988 2216 habendam,

435 2251 610 2332 quod
685 2252 754 2314 111
825 2258 1144 2317 extremo
1215 2251 1334 2316 illo
1397 2251 1522 2316 vix
1569 2252 1940 2332 quisquam
1987 2252 2269 2333 putabit
2329 2288 2391 2297 —
2453 2252 2994 2332 haudquaquam

438 2369 806 2434 ostendere
854 2386 1010 2434 eam
1058 2387 1205 2435 rem
1253 2369 1619 2450 vulgatam
1665 2370 1904 2435 fuisse.
2002 2370 2181 2451 Quin
2233 2371 2444 2435 immo
2492 2387 2581 2435 ex
2608 2370 2758 2451 ipso
2784 2369 2991 2451 facto,

441 2488 623 2567 quod
695 2487 763 2552 id
834 2491 987 2553 tam
1039 2489 1277 2553 crebro
1335 2491 1944 2571 commemoratur,
1994 2489 2225 2570 colligi
2272 2492 2511 2569 potest
2558 2489 2777 2553 etiam
2821 2490 2994 2553 tem·

443 2610 725 2690 poribus
799 2608 1221 2689 scriptorum
1292 2607 1646 2689 singulare
1715 2607 1945 2672 adhuc
2012 2606 2271 2690 fuisse3
2348 2608 2476 2673 hoc
2548 2607 2756 2685 enim,
2813 2606 2995 2687 quod

440 2737 678 2792 rarum
727 2729 858 2808 est,
910 2727 991 2790 ut
1043 2731 1154 2791 est
1200 2726 1505 2790 maxime
1527 2726 2006 2809 conspicuum,
2029 2726 2307 2790 facilius
2331 2725 2809 2807 adnotabitur,
2836 2741 2997 2789 cum

439 2845 775 2912 sollemne
844 2847 1112 2927 contra,
1182 2846 1437 2927 quippe
1510 2845 1691 2926 quod
1741 2862 1864 2928 per
1911 2862 1987 2911 se
2033 2844 2514 2929 intellegatur,
2564 2843 2997 2927 neglegatur,

440 2969 626 3030 certe
698 2981 741 3029 6
809 2964 1198 3043 veteribus
1244 2980 1482 3028 rerum
1535 2964 1997 3046 scriptoribus
2024 2959 2094 3047 5).
2172 2963 2385 3049 „Will
2433 2981 2596 3028 man
2644 2963 2799 3029 eine
2844 2963 2999 3027 Zeit

443 3083 838 3164 verstehen,
910 3099 987 3147 so
1057 3099 1257 3147 musz
1307 3100 1466 3148 man
1514 3083 1665 3148 ihre
1713 3083 2255 3164 Alltaglichkeit
2303 3083 2701 3165 verstehen,
2750 3082 3000 3162 gerade

438 3201 597 3284 jene
646 3200 1136 3267 Verhaltnisse
1185 3201 1608 3285 erforschen,
1645 3201 1912 3266 welche
1945 3201 2055 3266 die
2086 3201 2472 3266 Darsteller
2496 3201 2685 3265 ihrer
2709 3200 2999 3281 eigenen

511 3395 551 3462 ι)
589 3395 732 3450 Ηο1.
769 3394 960 3450 Carm.
998 3394 1077 3450 II.
1113 3395 1196 3450 18.
1232 3396 1317 3451 26.
1354 3411 1482 3464 sqq.

511 3484 551 3550 ²)
590 3482 717 3538 Liv.
746 3481 851 3537 IV.
871 3483 954 3539 12.
977 3485 1028 3537 5.
1050 3483 1265 3545 (simile
1284 3483 1409 3538 veri
1427 3486 1540 3551 est)
1559 3485 1667 3539 aut
1684 3483 2186 3539 innumerabilem
2205 3482 2661 3538 multitudinem
2678 3482 2999 3537 liberorum

445 3569 708 3639 capitum
743 3570 808 3624 in
843 3571 930 3625 eis
965 3569 1150 3626 fuisse
1176 3569 1329 3625 'locis
1365 3576 1469 3637 (sc.
1504 3570 1897 3641 Volscorum),
1933 3585 2087 3639 quae
2125 3585 2288 3626 nunc
2310 3571 2414 3625 vix
2439 3570 2761 3625 seminario
2780 3569 3002 3638 exiguo

447 3657 708 3712 militum
745 3657 953 3712 relicto
989 3658 1237 3713 servit-ia
1272 3658 1544 3713 Romana
1579 3659 1652 3713 ab
1689 3657 2013 3713 solitudine
2050 3658 2378 3713 vindicant.

516 3744 555 3814 ⁸)
593 3743 727 3800 Tac.
763 3746 927 3799 Ann.
962 3744 1072 3800 111.
1106 3744 1193 3800 53.

510 3833 551 3899 ⁴)
589 3831 829 3887 Petron.
867 3831 989 3887 Sat.
1023 3833 1109 3887 53.
1148 3832 1194 3887 1.
1232 3832 1309 3887 Et
1341 3832 1517 3901 plane
1551 3832 1960 3901 interpellavit
1996 3830 2335 3887 saltationis
2351 3831 2658 3888 libidinem
2680 3830 3002 3900 6011161166,

448 3920 546 3987 qui
573 3921 887 3988 tamquam
911 3920 1076 3974 urbis
1100 3922 1238 3975 acta
1262 3920 1559 3975 recitavit:
1588 3919 1737 3989 „VII
1760 3919 2051 3975 kalendas
2075 3919 2355 3974 sextiles:
2375 3920 2438 3973 in
2459 3919 2697 3987 praedio
2718 3917 3003 3984 Cumano,

448 4008 602 4075 quod
638 4015 735 4062 est
771 4006 1242 4076 Trimalchionis
1281 4007 1409 4062 nati
1447 4007 1595 4062 sunt
1630 4006 1800 4076 pueri
1835 4006 2037 4075 XXX,
2073 4006 2305 4076 puellae
2341 4006 2502 4061 XL.”

513 4096 552 4162 ⁸)
591 4094 689 4149 Ita
725 4094 900 4149 hodie
937 4094 1284 4163 saepissime
1322 4094 1517 4162 legere
1553 4108 1877 4163 possumus
1913 4107 2197 4163 16636616
2233 4094 2550 4162 pecuniam
2591 4093 2653 4147 16
2674 4106 3004 4162 paucorum

450 4182 729 4237 manibus
802 4185 1210 4237 coacervatam
1282 4181 1762 4250 (grootkapitaal)
1834 4181 2100 4236 minores
2171 4182 2467 4247 tabernae,
2543 4180 2827 4250 „pellere”
2908 4179 3005 4234 vel

450 4269 781 4339 „enecare”
831 4269 908 4323 Et
945 4269 1128 4323 simul
1163 4268 1465 4324 fabulosas
1499 4270 1621 4324 iere
1658 4269 2088 4338 descriptiones
2123 4283 2332 4324 eorum
2369 4282 2521 4337 quae
2557 4268 2618 4323 in
2656 4268 3006 4336 ingentibus

446 4357 561 4412 illis
597 4357 865 4413 tabernis
901 4356 1473 4425 (Waarenhausern)
1511 4358 1797 4412 veneunt.
1835 4356 2025 4426 „Daar
2059 4357 2112 4411 is
2136 4356 2361 4412 alleste
2384 4356 2611 4424 kriigen
2641 4386 2693 4394 -
2719 4354 3007 4422 letterlijk

448 4444 609 4514 alles,
648 4458 725 4499 en
763 4445 982 4500 zonder
1017 4445 1226 4513 eenige
1262 4444 1495 4499 moeite.
1535 4443 1608 4499 Ik
1647 4444 1764 4499 heb
1800 4443 2136 4512 meubelen,
2174 4443 2438 4511 klceren‚
2478 4442 3006 4511 huisraad‚manu·

449 4531 721 4588 facturen
777 4533 1008 4601 noodig,
1052 4563 1104 4572 —
1149 4547 1261 4587 een
1299 4532 1501 4586 woord
1557 4531 1946 4600 (mondeling,
2000 4546 2108 4600 per
2158 4531 2320 4600 brief,
2379 4531 2679 4600 telegraaf,
2715 4529 3009 4597 telefoon)

452 4634 592 4675 naar
647 4620 867 4675 smnus
923 4622 971 4673 &
1028 4620 1198 4675 Pom>
1254 4633 1330 4674 en
1375 4620 1439 4674 ik
1481 4621 1748 4687 ontvang
1784 4620 1893 4675 het
1927 4620 2233 4688 begeerde.
2269 4618 2341 4674 Ik
2380 4618 2483 4673 wil
2519 4617 2879 4686 linnengoed
2916 4632 3007 4686 36-

458 4707 775 4762 wasschen
810 4707 1062 4777 hebben,
1101 4722 1212 4763 een
1250 4709 1496 4776 woning
1530 4708 1852 4777 inrichten‚
1891 4722 2003 4763 een
2038 4706 2308 4774 maaltijd
2343 4719 2534 4774 geven
2577 4735 2630 4744 -
2673 4718 2786 4760 een
2804 4704 3008 4760 woord

457 4808 568 4849 666
614 4794 836 4850 81111116
872 4797 921 4849 ἃ,
959 4796 1129 4852 Pom>
1166 4810 1243 4851 66
1279 4795 1427 4863 mijn
1464 4795 1790 4863 verlangen
1827 4795 2025 4850 wordt
2058 4793 2309 4849 vervuld
2345 4794 2473 4848 met
2499 4806 2611 4848 een
2629 4791 3009 4862 promptheid

460 4895 573 4937 van
611 4885 855 4951 geesten
893 4884 988 4940 uit
1021 4883 1763 4953 Duizend-en·een·Nacht,
1799 4896 1876 4937 en
1914 4885 2043 4938 met
2077 4895 2372 4951 ongeveer
2404 4879 2621 4950 geliike
2644 4880 2854 4936 macht
2869 4893 3011 4935 over
