3770 5738
1618 518 1739 584 131

497 719 576 782 A.
652 717 713 781 d.
789 715 924 781 VII
994 715 1093 781 Id.
1168 716 1315 781 Oct.
1392 733 1453 780 a.
1531 716 1698 780 1807
1737 715 2074 780 edictum
2122 716 2664 782 renuntiabatur
2712 719 2794 781 ut
2842 717 2951 782 die

404 835 677 899 Martini
724 852 783 899 a.
818 835 993 899 1810
1019 835 1246 899 omnis
1269 834 1722 898 adhaerentia
1747 834 2500 918 (Erbuntertanigkeit)
2524 836 2594 900 in
2620 836 2952 900 Borussia

401 953 658 1018 abolita
705 955 914 1017 esset.
964 952 1096 1017 Pro
1146 951 1478 1032 operariis
1526 951 2089 1033 adhaerentibus,
2140 969 2314 1032 quos
2362 969 2797 1033 possessores
2821 952 2949 1017 hac

403 1088 472 1136 re
534 1072 984 1152 amittebant,
1052 1070 1122 1134 hi
1170 1069 1509 1149 agricolas
1557 1086 1767 1149 (1113111
1816 1069 2196 1149 plurimum
2243 1073 2572 1151 poterant
2623 1087 2948 1136 amovere

405 1189 745 1274 („legen”)
787 1189 1119 1253 volebant
1172 1191 1385 1268 atque
1433 1188 1504 1252 in
1532 1205 1770 1252 eorum
1795 1188 2026 1252 locum
2059 1187 2419 1272 „Bndner”
2448 1189 2804 1271 collocare,
2831 1189 2948 1271 qui

400 1310 635 1373 autem
707 1308 1014 1372 minores
1083 1324 1283 1386 agros
1356 1308 1698 1370 haberent
1768 1323 1977 1387 quam
2048 1308 2302 1388 quibus
2370 1308 2462 1372 ali
2511 1311 2821 1389 possent,
2877 1311 2951 1372 et

402 1427 576 1491 hanc
647 1427 732 1490 ob
780 1442 1066 1490 causam
1114 1428 1195 1490 ut
1242 1425 1464 1489 coacti
1513 1427 1754 1489 essent
1799 1427 2122 1489 futurum
2171 1428 2325 1491 erat
2368 1426 2629 1490 domini
2677 1443 2948 1508 quoque

401 1562 598 1625 agros
670 1544 913 1609 colere.
985 1544 1138 1608 Non
1201 1543 1504 1624 amplius
1560 1543 1718 1624 jure
1784 1544 2002 1623 igitur
2064 1543 2185 1608 sed
2250 1544 2677 1609 necessitate
2725 1545 2950 1611 coacti

401 1665 654 1728 essent.
707 1663 797 1727 Et
845 1680 916 1726 re
970 1679 1138 1727 vera
1185 1661 1740 1743 opulentioribus
1788 1661 2071 1741 quidem
2118 1662 2440 1742 agricolis
2482 1662 2948 1747 („Spannfahi·

401 1780 600 1861 gen'')
650 1783 847 1862 copia
895 1781 1211 1861 dabatur,
1262 1783 1346 1844 ut
1393 1780 1869 1861 possessiones
1919 1781 2148 1861 operis
2197 1785 2525 1847 oneratas
2574 1781 2724 1846 sive
2749 1783 2950 1863 parte

402 1900 694 1980 quadam
769 1915 985 1981 cessa,
1050 1900 1203 1963 sive
1282 1915 1383 1980 e0,
1453 1898 1631 1979 quod
1707 1915 1953 1979 operas
2024 1899 2485 1982 redimebant,
2535 1900 2605 1963 in
2658 1900 2951 1965 liberum

402 2018 776 2083 dominium
845 2020 1225 2083 mutarent.
1297 2017 1646 2098 Pauperes
1717 2034 1880 2081 vero
1950 2017 2678 2098 (nicht-spanniahige)
2737 2019 2950 2083 01313111

401 2153 583 2200 1111110
668 2135 936 2200 libidini
1010 2136 1446 2200 dominorum
1516 2135 1779 2200 subditi
1853 2136 2253 2200 manebant.
2332 2135 2687 2219 Colebant,
2763 2137 2954 2201 aucti

402 2271 686 2319 numero
748 2254 1239 2335 operariorum,
1305 2254 1422 2333 qui
1485 2255 1646 2334 post
1686 2253 2015 2317 villarum
2063 2253 2679 2334 amplificationem
2727 2271 2953 2320 neces·

403 2373 566 2436 sarii
613 2371 783 2436 facti
833 2374 1056 2453 erant,
1105 2372 1395 2450 exiguos
1442 2388 1608 2435 suos
1649 2388 1850 2451 agros
1877 2372 2157 2436 nomine
2215 2371 2516 2455 „Inste’',
2566 2390 2645 2438 eo
2670 2375 2955 2437 tantum

403 2490 822 2570 discrimine,
896 2490 1077 2570 quod
1149 2507 1332 2554 nunc
1399 2490 1470 2553 in
1542 2493 1812 2554 certum
1883 2491 2189 2571 tempUS,
2239 2491 2419 2571 quod
2465 2491 2539 2555 in
2587 2493 2955 2556 contractu

404 2609 872 2673 constitutum
946 2610 1153 2688 esset,
1207 2607 1527 2672 collocati
1576 2610 1798 2688 erant,
1850 2610 2058 2673 antea
2104 2612 2347 2673 autem
2395 2609 2464 2673 in
2514 2612 2952 2690 perpetuum.

411 2726 563 2791 Jam
638 2727 847 2791 breve
922 2727 1051 2791 hoc
1111 2726 1421 2806 spatium
1482 2725 1836 2790 culturam
1898 2743 2138 2790 eorum
2198 2726 2543 2793 incertam
2589 2728 2958 2808 reddebat3

410 2847 771 2927 praeterea
818 2845 982 2930 „der
1028 2844 1538 2927 Kapitalismus
1585 2845 1710 2909 hat
1758 2844 1890 2909 den
1940 2845 2363 2911 besitzlosen
2414 2846 2761 2929 Arbeiter,
2825 2845 2958 2912 den

411 2963 851 3046 Proletarier,
926 2964 1189 3044 nothig,
1262 2964 1383 3028 der
1452 2963 1706 3028 keinen
1779 2963 2320 3029 okonomischen
2391 2965 2744 3030 Riickhalt
2813 2967 2959 3049 hat,

413 3083 552 3147 und
618 3082 904 3147 deshalb
967 3082 1284 3162 ganzlich
1350 3082 1695 3161 abhangig
1758 3098 1921 3147 vom
1974 3082 2259 3164 Kapital
2307 3083 2425 3165 ist,
2473 3084 2616 3148 und
2662 3082 2785 3148 der
2829 3084 2963 3150 mit

411 3201 878 3281 Leichtigkeit
943 3200 1334 3265 iiberallhin
1383 3200 1811 3265 verschoben
1861 3200 2142 3265 werden
2193 3201 2428 3265 kann''
2457 3196 2528 3284 ¹).
2580 3200 2773 3266 Η300
2812 3219 2961 3283 pro-

411 3320 672 3399 gressio
728 3319 1271 3398 accelerabatur,
1323 3336 1480 3383 cum
1529 3320 1689 3399 post
1735 3335 1796 3382 a.
1854 3318 2028 3382 1848
2077 3319 2429 3383 industria
2476 3336 2655 3399 quae
2703 3320 2788 3383 ad
2846 3337 2959 3385 res

413 3454 624 3502 manu
688 3436 1042 3501 faciendas
1087 3437 1396 3518 pertinet
1443 3436 1752 3500 exerceri
1798 3435 2143 3516 inciperet
2187 3437 2257 3500 in
2310 3437 2741 3502 latifundiis:
2807 3441 2961 3502 tum

414 3572 845 3636 possessores
892 3556 1208 3620 homines
1256 3571 1462 3635 quam
1512 3554 1849 3635 plurimos
1900 3557 2229 3634 poterant
2277 3572 2319 3619 a
2365 3558 2556 3620 terra
2594 3573 2723 3620 sua
2767 3572 2961 3636 sepa-

414 3690 564 3738 rare
652 3674 1048 3754 cupiebant,
1120 3676 1192 3738 et
1261 3672 1601 3737 familiam
1675 3672 2013 3736 rusticam
2084 3672 2532 3752 potissimum
2603 3673 2959 3756 caelibem,

365 3796 773 3873 ‚praeterea
858 3808 1025 3856 vero
1099 3791 1448 3871 operarios
1522 3791 1606 3855 ad
1679 3793 1952 3855 certum
2028 3791 2375 3871 quoddam
2443 3793 2611 3856 anni
2679 3794 2961 3872 tempus

415 3910 793 3975 conductos
854 3910 1215 3989 adhibere3
1281 3909 1348 3973 id
1400 3908 1790 3974 efficiebant
1838 3926 1917 3973 eo
1966 3910 2145 3990 quod
2196 3910 2642 3975 mercenariis
2689 3910 2961 3975 nullum

413 4031 679 4093 tectum
759 4029 1184 4109 praebebant
1211 4023 1299 4109 2);
1371 4029 1500 4092 hac
1571 4044 1644 4092 re
1715 4027 1924 4092 simul
1987 4028 2281 4092 evanuit
2342 4045 2508 4093 cura
2554 4045 2958 4110 pauperum,

414 4164 588 4227 quae
660 4147 1170 4211 devolvebatur
1239 4146 1325 4210 ad
1396 4147 1611 4228 vicOS,
1682 4146 1754 4210 in
1825 4146 2080 4227 quibus
2159 4146 2358 4210 liberi
2429 4147 2498 4210 hi
2551 4147 2960 4212 mercenarii

417 4265 853 4330 habitabant.
926 4230 1297 4329 Possessor
1365 4264 1529 4348 „hat
1583 4263 1766 4344 Jetzt
1830 4264 1926 4328 im
1974 4264 2167 4328 Lohn
2225 4282 2357 4328 nur
2406 4264 2515 4329 die
2564 4264 2960 4345 Reproduk·

321 4434 330 4443 .
415 4383 856 4448 tionskosten
899 4384 1020 4446 der
1056 4381 1536 4446 Arbeitskraft
1563 4382 1684 4446 des
1709 4382 2073 4446 einzelnen
2102 4383 2465 4446 Arbeiters
2488 4399 2575 4446 zu
2602 4383 2961 4464 bezahlen,

419 4501 615 4566 nicht
680 4501 791 4566 die
872 4501 1399 4582 Reproduktion
1473 4500 1593 4565 der
1667 4472 2280 4565 Arbeiterklasse’'
2310 4494 2378 4577 3).
2474 4499 2673 4565 Intra
2740 4517 2962 4566 annos

559 4704 784 4860 111017Ξέ
815 4703 1096 4846 1Rvguter’a
1134 4789 1323 4861 „Kein
1360 4788 1655 4857 Husung”
1695 4789 1778 4843 ist
1813 4788 1910 4844 ein
1950 4788 2083 4844 Bild
2118 4803 2229 4844 aus
2257 4788 2431 4857 jener
2465 4787 2610 4845 Zeit.

559 4893 614 4947 p.
653 4878 771 4933 174.

485 4708 526 4948 &dv
