3770 5738
1663 503 1750 568 99

415 704 730 786 agricolis
755 703 826 780 ¹).
912 740 976 748 —
1059 703 1290 768 Etiam
1360 703 1431 767 in
1497 701 1824 784 Aegypto
1896 704 2046 767 tam
2091 702 2300 767 urbes
2344 718 2555 781 quam
2601 700 2752 781 agri
2799 699 2967 765 cele-

416 823 693 888 berrimi
738 825 945 887 erant
969 818 1040 897 2).
1124 858 1188 866 -
1242 821 1339 885 De
1389 820 1773 901 Hispaniae
1821 819 2180 901 provincia
2227 819 2515 884 Baetica
2558 819 2967 883 adnotatur:

420 941 581 1024 „Die
615 913 1029 1005 ‘Intensitat
1093 939 1215 1004 des
1265 938 1558 1002 Anbaus
1607 938 1876 1018 ergiebt
1924 939 2071 1003 sich
2121 955 2251 1002 aus
2299 938 2432 1002 den
2479 937 2969 1002 statistischen

413 1058 699 1123 Ziffern:
793 1059 925 1122 250
1007 1056 1255 1121 Stadte
1324 1057 1617 1121 rechnet
1688 1054 1945 1121 Strabo
2017 1057 2087 1120 in
2159 1056 2466 1138 Baetica,
2535 1073 2674 1120 von
2746 1055 2970 1119 denen

415 1177 678 1242 Plinius
727 1177 858 1241 185
908 1175 1361 1254 namentlich,
1411 1175 1522 1240 die
1574 1174 2126 1240 Ptolemaeische
2172 1175 2391 1239 Karte
2439 1175 2529 1238 92
2570 1173 2701 1238 mit
2732 1190 2973 1255 appro-

417 1296 796 1360 ximativer
844 1294 1277 1374 Andeutung
1326 1292 1448 1358 der
1495 1293 1678 1373 Lage
1731 1293 2093 1358 auffiihrt”
2122 1287 2191 1369 ³).
2284 1331 2331 1339 —

502 1413 582 1478 In
632 1412 986 1478 continuis
1033 1411 1234 1477 bellis
1283 1412 1354 1475 in
1398 1410 1536 1476 fine
1586 1411 1845 1476 liberae
1893 1412 1994 1476 rei
2043 1412 2361 1493 publicae
2409 1412 2753 1492 imprimis
2803 1412 2976 1492 agri·

415 1532 603 1597 colae
666 1534 837 1596 sunt
888 1531 1008 1610 qui
1055 1529 1427 1595 materiam
1478 1531 1818 1611 praebent
1856 1547 1994 1612 qua
2042 1531 2398 1595 exercitus
2445 1532 2974 1611 componantur.

418 1649 719 1714 Catilina
766 1649 1075 1728 stipatus
1124 1651 1235 1712 est
1281 1649 1491 1713 turba
1540 1648 1946 1713 colonorum
1995 1649 2489 1714 Arretinorum
2537 1652 2610 1713 et
2658 1647 2977 1713 Faesula·

418 1785 664 1833 norum
695 1762 780 1846 4);
855 1766 926 1831 in
999 1783 1233 1847 pugna
1303 1767 1486 1847 apud
1551 1767 1928 1832 Pistoriam
1996 1766 2185 1832 facta
2232 1768 2339 1832 his
2386 1768 2683 1832 armatis
2730 1783 2980 1847 corpus

419 1904 623 1951 suum
721 1885 1353 1966 circumsaepserat
1404 1881 1474 1961 5).
1594 1885 1787 1950 Bello
1880 1886 2075 1950 civili
2168 1887 2354 1951 inter
2447 1885 2815 1950 Caesarem
2907 1888 2983 1949 et

420 2003 829 2085 Pompeium
859 2002 1212 2068 Domitius
1243 2019 1464 2067 naves
1505 2004 1754 2086 serviS,
1787 2003 2083 2085 libertiS,
2111 2004 2375 2069 colonis
2404 2005 2554 2069 suis
2580 2003 2882 2085 complet
2908 1998 2979 2079 ⁶).

421 2121 793 2203 Pompejns
858 2122 1248 2186 exercitum
1326 2123 1513 2201 cogit
1582 2139 1668 2186 ex
1721 2140 1885 2202 agro
1934 2122 2207 2203 Piceno,
2258 2124 2375 2204 qui,
2424 2125 2621 2187 totus
2669 2121 2984 2203 paternis

421 2240 569 2322 ejus
619 2240 997 2305 clientibus
1043 2239 1348 2304 refertus
1395 2243 1547 2304 erat
1573 2236 1643 2316 ⁷).
1720 2240 1893 2305 Cum
1939 2241 2351 2322 scriptorem
2398 2258 2631 2305 rerum
2674 2256 2983 2321 suarum,

423 2359 910 2439 Theophanem
938 2357 1461 2439 Mitylenaeum,
1497 2358 1791 2423 civitate
1818 2359 2132 2441 donaret,
2158 2362 2391 2424 totum
2418 2360 2570 2441 ejus
2595 2359 2985 2423 exercitum

424 2477 581 2542 huic
655 2476 915 2556 ingenii
985 2475 1175 2540 laudi
1247 2475 1455 2540 laetis
1521 2477 1810 2541 vocibus
1896 2477 2396 2543 acclamavisse
2460 2477 2676 2542 refert
2725 2477 2987 2557 Cicer0,

424 2611 846 2676 quamquam
894 2597 1254 2659 constaret
1302 2594 1589 2659 rusticis
1637 2595 1940 2661 indoctis
1967 2591 2040 2678 ⁸).
2107 2597 2663 2679 AndrostheneS,
2711 2597 2991 2676 praetor

438 2822 819 2880 Latifundien
874 2837 1079 2879 waren
1135 2822 1309 2879 nicht
1359 2838 1478 2879 von
1531 2823 1796 2881 Sklaven
1849 2825 2130 2882 bestellte
2184 2825 2534 2896 Plantagen,
2588 2826 2849 2882 sondern
2895 2825 2991 2883 ein

440 2911 740 2980 Komplex
779 2925 896 2966 von
935 2911 1181 2966 Kleinen
1218 2911 1651 2979 Pachtgiitern.

510 3006 548 3074 ¹)
603 3004 1004 3060 Herodianus.
1068 3004 1201 3060 VII.
1248 3006 1299 3059 4.
1344 3007 1481 3080 μέγα
1532 3005 1588 3061 δὲ
1634 3029 1685 3062 τι
1733 3007 1928 3069 πλῆθος
1961 3009 2225 3085 ἡθροίσθη.
2263 3009 2411 3082 φύσει
2445 3006 2552 3082 γὰρ
2590 3008 2995 3082 πολυάνθρωπος

439 3100 568 3161 οὖσα
602 3107 634 3166 ἡ
672 3105 847 3178 Λιβύη
885 3106 1106 3168 πόλλους
1140 3099 1248 3179 εἶχε
1286 3103 1405 3167 τοὺς
1438 3105 1529 3164 τὴν
1567 3112 1663 3179 γῆν
1700 3111 2084 3182 γεωργοῦντας.

509 3205 549 3267 ¹)
587 3203 829 3258 Cassius
890 3203 1015 3259 Dio.
1052 3204 1139 3258 51.
1180 3204 1259 3258 17.
1296 3200 1383 3257 διὰ
1418 3201 1477 3258 τὸ
1514 3203 1930 3280 πολυάνθρωπον
1968 3204 2055 3258 καὶ
2088 3212 2191 3259 τῶν
2230 3202 2429 3260 πόλεων
2467 3202 2555 3259 καὶ
2589 3209 2679 3266 τῆς
2712 3205 2902 3278 χώρας.

510 3295 549 3361 8)
586 3295 884 3364 Kmrna‘r,
944 3295 1261 3351 Lehrbuch
1300 3296 1405 3351 der
1438 3295 1603 3351 alten
1642 3294 2031 3364 Geographie.
2068 3296 2101 3362 5
2136 3296 2243 3350 419
2255 3311 2269 3363 ;
2294 3296 2394 3349 cit.
2415 3294 2568 3364 apud
2599 3294 2633 3349 J
2638 3308 2778 3362 ung,
2799 3293 2997 3348 Ueber

442 3382 532 3437 die
579 3382 1438 3450 Bevolkerungsverhaltnisse
1487 3382 1592 3436 des
1641 3382 2003 3438 Romischen
2054 3382 2324 3437 ReicheS.
2375 3381 2619 3437 Wiener
2653 3381 2928 3436 Studien.
2967 3380 2995 3434 I

443 3469 642 3535 (1879).
678 3483 733 3538 p.
774 3469 890 3524 186.
926 3470 1062 3525 adn.
1103 3470 1183 3524 12.

510 3556 548 3613 ⁴)
587 3555 702 3610 Cic.
779 3568 885 3625 pro
937 3555 1085 3611 Mur.
1139 3557 1226 3611 49.
1280 3555 1600 3611 Catilinam
1655 3556 1957 3611 interea..
1987 3596 2033 3611 ..
2091 3556 2612 3611 circumfluentem
2650 3555 2993 3611 colonorum

445 3642 860 3698 Arretinorum
900 3645 963 3697 et
997 3642 1468 3698 Faesulanorum
1505 3641 1796 3697 exercitu.

513 3730 550 3791 ⁸)
590 3729 728 3785 Sall.
777 3729 861 3785 De
899 3731 1051 3798 conj.
1109 3729 1234 3785 Cat.
1279 3731 1363 3785 59.
1400 3729 1449 3785 3.
1487 3730 1613 3797 ipse
1648 3744 1788 3784 cum
1826 3729 2057 3785 libertis
2093 3732 2156 3785 et
2191 3730 2416 3785 colonis
2453 3732 2693 3799 propter
2734 3728 2997 3797 aquilam

445 3816 703 3871 adsistit.

516 3905 556 3971 ⁸)
594 3903 758 3959 Caes
778 3904 850 3958 de
869 3903 1001 3959 bell.
1022 3902 1372 3958 oiv.1.34.2.
1394 3903 1713 3971 Cognoscit
1734 3902 1993 3970 (Caesar)
2017 3945 2029 3958 .
2057 3945 2103 3958 ..
2142 3902 2475 3972 profectum
2497 3904 2646 3959 item
2669 3903 3001 3958 Domitium

447 3992 517 4045 ad
584 3990 991 4060 occupandam
1057 3991 1381 4045 Massiliam
1448 3991 1705 4045 navibus
1773 3991 2056 4046 actuariis
2120 3992 2369 4059 septem,
2426 4006 2575 4060 quas
2629 3989 2765 4058 Igili
2820 3992 2884 4044 et
2937 3990 3000 4044 in

448 4077 674 4134 Cosano
745 4093 782 4132 a
847 4078 1095 4146 privatis
1151 4078 1386 4132 coactas
1440 4078 1648 4143 servis,
1701 4076 1950 4145 libertiS,
2004 4078 2228 4133 colonis
2281 4078 2411 4133 suis
2464 4078 2882 4147 compleverat.
2942 4107 2994 4117 —-

447 4166 492 4220 Ι.
528 4166 613 4221 56.
647 4165 684 4219 3
721 4164 925 4220 Certas
960 4165 1074 4219 sibi
1114 4164 1382 4234 deposcit
1415 4178 1600 4219 naves
1623 4164 1927 4219 Domitius
1948 4166 2129 4233 atque
2147 4165 2259 4220 has
2279 4165 2506 4220 colonis
2527 4165 3005 4235 pastoribusque,

450 4267 598 4320 quos
634 4248 841 4307 secum
879 4252 1233 4320 adduxerat,
1266 4251 1538 4321 complet.

519 4339 560 4406 ⁷)
597 4338 750 4394 Vell.
789 4339 1017 4395 Paterc.
1057 4338 1133 4393 Π.
1170 4339 1257 4393 29.
1294 4338 1617 4408 Pompejus
1654 4339 1961 4394 contraxit
1993 4340 2327 4394 exercitum
2365 4352 2441 4393 ex
2479 4354 2621 4408 agro
2657 4339 2878 4394 Piceno
2905 4337 3008 4407 qui

453 4427 622 4482 totus
659 4427 927 4496 paternis
962 4427 1013 4494 ej
1024 4441 1095 4481 us
1132 4425 1425 4481 clientelis
1462 4424 1723 4480 refertus
1757 4427 1902 4481 erat.

522 4514 563 4576 ⁸)
601 4513 715 4568 Cic.
754 4528 858 4582 pro
896 4513 1132 4569 Archia.
1169 4513 1258 4568 24.
1295 4512 1492 4580 Quid?
1531 4513 1737 4567 noster
1771 4513 1869 4567 hic
1883 4513 2154 4582 Magnus,
2172 4514 2274 4581 qui
2297 4528 2435 4568 cum
2455 4513 2685 4569 virtute
2702 4513 3010 4570 fortunam

451 4600 825 4669 adaequavit,
882 4613 1084 4655 nonne
1141 4600 1564 4668 Theophanem
1609 4600 2066 4671 Mitylenaeum,
2103 4601 2454 4669 scriptorem
2509 4615 2707 4656 rerum
2744 4616 3011 4669 suarum,

455 4687 516 4743 in
572 4688 854 4744 contione
903 4687 1168 4743 militum
1206 4687 1449 4742 civitate
1485 4687 1773 4741 donavit?
1809 4686 1887 4741 Et
1924 4688 2115 4743 nostri
2153 4688 2239 4743 illi
2275 4687 2459 4743 fortes
2495 4688 2626 4757 viri,
2662 4688 2767 4743 sed
2804 4688 3011 4744 rustici

459 4789 525 4830 ac
581 4775 823 4844 milites,
882 4774 1197 4829 dulcedine
1250 4773 1509 4842 quadam
1565 4773 1784 4841 gloriae
1841 4775 2145 4843 commoti,
2179 4776 2347 4843 quasi
2386 4775 2705 4845 participes
2741 4775 3011 4843 ejusdem

462 4862 674 4931 laudis,
711 4876 932 4930 magno
967 4861 1114 4916 illud
1152 4852 1407 4916 clamore
1443 4860 1970 4939 approbaverunt?
2038 4930 2051 4947 .

2743 4959 2804 5013 7.
