3770 5738
2011 459 2098 523 92

747 648 1188 723 Ἰταλίαν
1281 650 1675 724 ἅπασαν
1743 646 2407 747 ὀλιγανδρίας
2481 650 3030 748 ἐλευθέρων
3101 655 3301 725 αι”σ-

744 778 1141 858 θέσθαι,
1217 769 1890 864 δεσμωτηρίων
1962 768 2057 844 δὲ
2103 772 2730 867 βαρβαρικῶν
2793 772 3305 864 ἐμπεπλῆσ-

746 900 941 978 θαι,
994 890 1101 966 δι’
1139 882 1259 967 ὧν
1308 894 1843 989 ἐγεώργουν
1900 901 1994 966 οἱ
2040 893 2501 966 πλούσιοι
2553 896 2662 966 τα
2707 898 3028 987 χωρία
3078 900 3304 981 τους

744 1017 1164 1099 πολίτας
1236 1016 1957 1099 ἐξελάσαντες.”
2049 1021 2344 1087 Prorsus
2399 1022 2642 1088 eadem
2689 1023 2916 1104 imago
2962 1024 3308 1105 generalis

744 1143 955 1223 huJus
1003 1160 1369 1226 processus
1416 1142 1780 1207 invenitur
1826 1143 2010 1225 apud
2061 1144 2463 1225 Appianum
2489 1139 2560 1224 1).
2611 1137 2908 1222 ,,Οἱ....
2948 1137 3304 1211 πλούσιοι

744 1253 969 1346 τῆσδε
1041 1254 1121 1330 δὲ
1193 1266 1320 1345 τῆς
1387 1259 1760 1346 ἀνεμήτου
1809 1269 1947 1353 γῆς
1999 1263 2130 1347 τὴν
2183 1261 2463 1348 πολλὴν
2512 1256 3120 1344 καταλαβόντες,
3170 1262 3303 1333 καὶ

744 1382 1005 1475 χρόνῳ
1082 1385 1549 1473 θαρροῦντες
1623 1380 1897 1451 οὔτινα
1973 1384 2180 1468 σφᾶς
2254 1380 2366 1451 ἔτι
2419 1380 3026 1470 α’φαιρήσεσθαι,
3079 1380 3177 1451 τά
3223 1406 3300 1449 τε

744 1501 1001 1596 ἄγχου
1064 1500 1365 1589 σφίσιν,
1441 1500 1589 1570 ὅσα
1663 1525 1737 1569 τε
1783 1491 1876 1587 ἦν
1947 1499 2142 1570 ἄλλα
2218 1501 2530 1596 βραχέα
2603 1502 2956 1587 πενήτων,
3008 1500 3107 1571 τα
3158 1500 3305 1585 μὲν

746 1620 1169 1709 ὠνούμενοι
1221 1625 1505 1703 πειθοῖ,
1557 1621 1653 1690 τά
1704 1615 1783 1691 δὲ
1832 1618 1985 1717 βίᾳ
2017 1620 2565 1710 λαμβάνοντες
2590 1616 2818 1692 πεδία
2839 1621 3106 1713 μακροὶ
3127 1619 3313 1693 ἀντί

744 1741 1057 1834 χωρίων
1131 1741 1571 1836 ἐγεώργουν·
1650 1736 2067 1827 ὠνητοῖς
2138 1742 2237 1824 ἐς
2308 1740 2554 1813 αὐτοὶ
2609 1752 3090 1836 γεωργοῖς
3139 1742 3305 1813 καὶ

745 1887 850 1934 πο
873 1891 899 1932 ι
918 1867 1098 1955 μέσ
1120 1890 1147 1932 ι
1194 1891 1257 1956 χ
1278 1890 1321 1957 ρ
1341 1861 1400 1932 ὡ
1419 1890 1478 1951 μ
1497 1888 1526 1932 ε
1545 1890 1589 1933 ν
1610 1887 1652 1932 ο
1675 1892 1727 1946 ι,
1778 1870 1913 1934 τοῦ
1965 1866 2067 1951 μὴ
2119 1863 2301 1946 τοὺς
2348 1863 2792 1954 ἐλευθέρους
2818 1858 2893 1945 ἐς
2919 1866 3061 1944 τας
3085 1887 3306 1953 στρα-

741 1983 947 2065 τείας
995 1982 1148 2054 dno
1206 1990 1339 2071 τῆς
1385 1986 1758 2077 γεωργίας
1807 1988 2202 2075 περισπᾶν·
2253 1985 2626 2075 φερούσης
2674 1982 2840 2071 ἅμα
2894 1983 3031 2054 καὶ
3091 1977 3307 2069 τῆςδε

747 2112 880 2191 τῆς
972 2109 1302 2192 κτήσεως
1403 2104 1670 2185 αυτοῖς
1741 2102 1929 2174 πολὺ
2009 2099 2274 2196 κέρδος
2345 2104 2431 2175 ἐκ
2503 2099 3018 2187 πολυπαιδίας
3092 2108 3306 2197 θερα-

746 2227 1048 2298 πόντων
1107 2217 1545 2305 ἀκινδύνως
1596 2223 2147 2317 αὐξανομένων
2197 2219 2334 2297 διὰ
2385 2229 2524 2307 τας
2574 2225 3056 2317 ἀστρατείας.
3121 2226 3310 2295 Ἀπὸ

748 2339 827 2417 δὲ
902 2345 1191 2416 τούτων
1277 2351 1356 2415 οἱ
1424 2344 1568 2434 μὲν
1640 2340 1967 2419 δύνατοι
2040 2348 2368 2434 πάμπαν
2437 2344 2885 2429 ἐπλούτουν,
2958 2346 3128 2418 καὶ
3204 2345 3308 2415 τὸ

746 2466 1390 2559 θεραπόντων
1478 2467 1767 2559 γένος
1862 2465 2052 2538 ἀντὶ
2148 2469 2315 2554 τὴν
2414 2465 2749 2558 χώραν
2824 2464 3310 2554 ε’πλὴθυε.”

746 2592 1050 2659 Videtur
1098 2593 1227 2657 hoc
1274 2591 1665 2657 confirmari
1715 2610 1757 2657 a
1805 2593 2021 2657 variis
2069 2594 2528 2675 scriptoribus
2577 2594 2695 2674 qui
2727 2595 2877 2657 tam
2919 2592 3310 2656 exactionis

743 2712 1206 2794 agricolarum
1255 2727 1465 2793 quam
1511 2711 1902 2790 ingentium
1927 2711 2467 2777 multitudinum
2491 2729 2854 2778 servorum
2880 2710 3307 2775 mentionem

746 2831 1036 2897 faciunt.
1085 2830 1196 2895 Ita
1245 2832 1487 2895 narrat
1534 2828 1916 2896 Sallustius
1942 2827 2025 2913 2):
2082 2847 2501 2915 „paucorum
2548 2830 2841 2896 arbitrio
2888 2828 3054 2894 belli
3101 2828 3308 2894 domi·

747 2968 880 3033 que
927 2951 1367 3031 agitabatu1·;
1417 2966 1631 3031 penes
1679 2949 1961 3014 eosdem
2006 2949 2354 3014 aerarium
2404 2951 2824 3032 provinciae,
2849 2949 3312 3029 magistratus

747 3069 1006 3151 gloriae
1076 3067 1558 3148 triumphique
1629 3070 1865 3147 erant3
1931 3068 2231 3149 populus
2280 3068 2535 3134 militia
2579 3072 2791 3149 atque
2840 3067 3074 3149 inopia
3120 3082 3311 3145 urge·

746 3188 955 3252 batur
975 3207 990 3266 ;
1017 3186 1312 3268 praedas
1339 3185 1621 3250 bellicas
1654 3185 2110 3266 imperatores
2128 3203 2287 3250 cum
2304 3188 2546 3268 paucis
2562 3187 2986 3267 diripiebant
3010 3208 3023 3259 ;
3043 3186 3313 3251 interea

747 3308 1075 3387 parentes
1122 3306 1248 3369 aut
1298 3304 1499 3385 parvi
1548 3303 1745 3367 liberi
1793 3302 2122 3386 militum,
2163 3306 2271 3369 uti
2300 3305 2590 3386 quisque
2617 3291 2996 3386 potentiori
3021 3304 3311 3369 confinis

747 3426 921 3506 erat,
969 3423 1252 3488 sedibus
1298 3420 1808 3503 pellebantur'’.
1870 3421 2078 3486 Multi
2121 3423 2329 3487 urbes
2380 3424 2738 3505 petebant,
2787 3422 2970 3486 idem
3017 3423 3316 3503 scriptor

748 3542 915 3610 alibi
976 3541 1265 3606 nuntiat
1289 3537 1380 3622 3):
1460 3539 1804 3623 „primum
1877 3540 2209 3623 omnium,
2283 3542 2401 3622 qui
2473 3542 2726 3622 ubique
2807 3541 3054 3622 probro
3102 3542 3314 3622 atque

745 3660 1140 3745 petulantia
1201 3675 1531 3724 maxume
1601 3658 2081 3740 praestabant,
2153 3658 2326 3723 item
2390 3659 2509 3723 alii
2552 3676 2672 3740 per
2724 3658 3059 3724 dedecora
3104 3659 3315 3739 patri·

745 3780 1000 3847 moniis
1067 3777 1367 3859 amissiS,
1439 3779 1796 3858 postremo
1868 3792 2131 3857 omneS,
2205 3793 2380 3856 quos
2452 3776 2797 3857 flagitium
2866 3779 2994 3841 aut
3041 3775 3315 3840 facinus

746 3900 950 3966 domo
998 3896 1390 3979 expulerat,
1449 3895 1514 3959 ei
1561 3895 1856 3959 Romam
1906 3895 2094 3958 sicut
2132 3894 2202 3958 in
2251 3895 2605 3960 sentinam
2655 3894 3178 3960 confluxerant.
3210 3944 3223 3959 .
3255 3943 3313 3959 ..

746 4012 1113 4093 praeterea
1175 4011 1540 4093 Juventus,
1614 4030 1791 4093 quae
1861 4013 1934 4076 in
2005 4013 2191 4093 agris
2259 4030 2596 4078 manuum
2647 4014 2961 4078 mercede
3012 4013 3315 4094 inopiam

748 4129 1198 4213 toleraverat,
1246 4132 1544 4212 privatis
1591 4133 1802 4211 atque
1850 4130 2145 4212 publicis
2193 4131 2684 4210 largitionibus
2711 4131 2943 4195 excita
2969 4132 3314 4195 urbanum

749 4249 975 4313 otium
1022 4249 1296 4331 ingrato
1343 4250 1563 4315 labori
1589 4248 2089 4330 praetulerat.'’
2136 4249 2342 4329 Apud
2371 4248 2745 4313 Horatium
2773 4265 3045 4329 quoque
3072 4248 3311 4312 eadem

752 4368 1030 4432 exactio
1077 4368 1549 4448 significatur:

822 4641 859 4702 ¹)
899 4642 1049 4710 App.
1089 4641 1185 4704 De.
1210 4642 1362 4698 bello
1400 4643 1513 4696 civ.
1551 4640 1597 4695 I.
1634 4642 1683 4696 7.

819 4729 857 4788 ²)
899 4728 1037 4784 Sall.
1079 4728 1223 4784 Bell.
1263 4729 1397 4798 Jug.
1436 4731 1520 4783 41.
1559 4729 1609 4784 7.
1646 4743 1774 4796 sqq.

821 4816 842 4850 ⁸
899 4816 1037 4872 Sall.
1077 4816 1160 4872 De
1198 4817 1349 4885 conj.
1392 4816 1516 4872 Cat.
1553 4816 1639 4870 37.
1677 4818 1711 4870 5
1748 4818 1812 4870 et
1850 4815 1900 4869 7.
