3770 5738
2001 516 2128 582 154

791 710 1039 775 vinciis
1104 697 1461 776 dimidiat'n
1509 715 1790 777 tantum
1838 716 2113 796 partem
2167 714 2462 795 relinqui
2492 711 2560 791 ¹).
2614 715 3009 802 Provinciis·
3046 734 3342 782 annona-

791 829 886 896 ris
934 831 1214 894 nonnisi
1261 831 1468 894 venia
1518 832 1958 912 imperatoris
2003 831 2262 897 licebat
2309 833 2446 898 alio
2496 851 2575 897 ac
2625 835 2695 898 in
2743 834 3021 899 Italiam
3046 836 3342 900 frumen·

788 951 942 1012 tum
991 951 1362 1030 exportare
1389 945 1461 1026 2).
1514 986 1595 995 -
1649 949 1944 1015 Prorsus
1968 951 2178 1016 aliter
2201 954 2440 1016 autem
2467 969 2542 1016 se
2571 953 2919 1038 habetjus
2943 954 3341 1019 colonatus:

773 1083 1014 1146 ,neque
1087 1069 1320 1131 ortum
1391 1069 1503 1132 est
1572 1085 1660 1132 ex
1732 1067 1880 1133 sola
1953 1086 2119 1134 cura
2166 1070 2607 1151 reipublicae,
2660 1088 2883 1151 neque
2932 1073 3054 1136 uni
3086 1073 3342 1155 populo

788 1200 988 1266 opem
1064 1183 1202 1249 fert
1272 1161 1516 1250 contra
1562 1185 1900 1268 alterum3
1952 1187 2016 1252 id
2068 1190 2344 1269 spectat
2392 1192 2474 1252 ut
2522 1206 2706 1254 unus
2754 1190 3112 1255 hominum
3160 1191 3342 1272 orde,

789 1302 1211 1385 colonorum,
1307 1302 1499 1369 nullo
1587 1305 1872 1385 originis
1941 1311 2283 1389 respectu,
2354 1307 2768 1388 subjiciatur
2829 1307 3033 1372 alteri
3102 1310 3343 1391 ordini,

786 1437 1267 1501 possessorum
1296 1417 1365 1505 3).

787 1653 1033 1720 traeque
1085 1651 1312 1719 vineae,
1368 1652 1526 1720 quod
1582 1667 1720 1707 cum
1776 1652 2086 1718 faciamuS,
2122 1654 2450 1721 prudenter
2484 1652 2676 1709 facere
2714 1654 2989 1725 dicimur,
3020 1655 3184 1723 juste
3220 1669 3341 1710 non

787 1739 1056 1795 dicimur.

859 1827 899 1892 ¹)
941 1827 1103 1882 Suet.
1159 1827 1328 1881 Dom.
1381 1827 1429 1881 7.
1472 1827 1566 1881 Ad
1622 1842 1926 1883 summam
1964 1829 2268 1896 quondam
2325 1829 2663 1883 ubertatem
2702 1829 2843 1897 vini,
2879 1829 3167 1885 frumenti
3202 1844 3343 1885 vero

785 1914 1049 1983 inopiam
1088 1915 1454 1969 existimans
1492 1915 1689 1971 nimeo
1727 1917 2043 1971 vinearum
2078 1916 2279 1971 studio
2317 1916 2551 1984 neglegi
2588 1931 2746 1982 arva,
2783 1916 2976 1971 edixit
3012 1931 3086 1971 ne
3123 1917 3259 1985 quis
3277 1917 3344 1972 in

786 2001 962 2057 Italia
999 1996 1344 2071 novellaret,
1382 2003 1570 2070 utque
1607 2003 1671 2057 in
1708 2003 2030 2071 provinciis
2068 2003 2274 2058 vineta
2310 2003 2766 2058 succiderentur
2803 2003 3009 2059 relicta
3045 2004 3144 2058 ubi
3167 2004 3341 2072 pluri·

790 2104 963 2144 mum
1000 2088 1249 2144 dimidia
1283 2089 1473 2157 parte.

856 2178 898 2242 ¹)
932 2176 1115 2240 June,
1154 2176 2031 2244 Bevolkerungsverhaltnisse.
2066 2190 2121 2245 p.
2159 2176 2278 2232 193.

857 2263 894 2326 8)
931 2263 1000 2318 Id
1036 2262 1299 2332 profecto
1334 2278 1411 2319 ex
1447 2264 1681 2333 legibus
1718 2264 2059 2319 luculenter
2092 2265 2352 2333 apparet,
2391 2278 2492 2319 eos
2529 2264 2631 2332 qui
2663 2263 2766 2332 J‘us
2802 2263 3144 2319 colonatum
3186 2263 3347 2318 inter

788 2350 1080 2406 instituta
1134 2351 1372 2419 publica
1425 2358 1799 2419 receperunt,
1853 2351 1926 2406 de
1980 2351 2382 2419 agriculturae
2435 2351 2743 2406 commodo
2799 2365 2918 2405 non
2957 2350 3343 2419 cogitavisse:

785 2438 1186 2506 agriculturae
1227 2453 1434 2506 parum
1472 2439 1767 2493 rationem
1805 2439 2087 2493 habuisse
2126 2438 2427 2493 videntur.
2463 2438 2578 2493 Sed
2617 2452 2996 2506 nequaquam
3033 2439 3143 2493 hac
3181 2452 3343 2493 exre

785 2524 1021 2580 efficere
1076 2524 1220 2580 licet
1275 2525 1621 2580 colonatum
1679 2539 1741 2580 re
1795 2540 1938 2580 vera
1991 2526 2175 2580 etiam
2228 2525 2631 2593 agriculturae
2681 2539 2799 2580 non
2838 2525 3157 2594 profuisse:
3194 2525 3344 2580 haec

780 2626 1026 2681 prorsus
1061 2612 1176 2667 alia
1214 2612 1484 2680 quaestio
1521 2612 1633 2666 est.
1672 2612 1787 2666 Sed
1823 2614 2091 2681 praestat
2126 2612 2190 2667 in
2220 2612 2567 2680 hujusmodi
2584 2612 3073 2680 inquisitionibus
3094 2613 3342 2667 omnino

776 2699 1155 2767 generalibus
1190 2698 1725 2760 enuntiationibus,
1764 2699 1941 2767 quale
1978 2701 2073 2754 est
2107 2698 2576 2769 „agriculturae”
2602 2699 2999 2766 commodum,
3023 2700 3341 2754 abstinere.

777 2784 984 2841 Veluti
1038 2786 1099 2841 in
1158 2788 1366 2841 nostra
1418 2800 1481 2840 re
1518 2786 1737 2840 melius
1774 2786 1922 2840 haec
1960 2786 2077 2841 'tria
2113 2786 2602 2853 distinguuntur:
2641 2787 2836 2841 Primo
2873 2785 3017 2854 loce,
3055 2800 3202 2841 num
3233 2786 3339 2853 jus

776 2859 1089 2930 colonatus
1136 2874 1197 2928 in
1236 2889 1363 2929 rem
1400 2873 1585 2929 fuerit
1611 2889 1993 2943 possessorum
2010 2890 2032 2940 ;
2069 2874 2142 2929 ad
2179 2875 2336 2941 quod
2372 2873 2540 2929 facile
2579 2876 2675 2929 est
2713 2888 3022 2943 responsu.
3060 2874 3336 2929 Secundo

774 2961 919 3029 loco,
955 2977 1105 3017 num
1142 2962 1202 3017 in
1243 2976 1368 3017 rem
1407 2960 1589 3016 fuerit
1623 2961 1949 3016 colonorum
1968 2978 1990 3028 ;
2027 2976 2178 3029 quae
2205 2963 2278 3017 ad
2307 2962 2461 3016 hanc
2487 2963 2903 3030 quaestionem
2923 2961 3340 3030 respondenda

775 3048 981 3118 babae,
1036 3048 1100 3103 in
1154 3049 1273 3104 fine
1328 3049 1514 3116 hujus
1568 3049 1780 3117 capitis
1836 3049 2047 3104 dicam.
2102 3049 2413 3104 Postremo
2468 3049 2613 3113 loco,
2670 3064 2817 3103 num
2866 3050 2970 3116 jus
3005 3049 3336 3115 colonatuS,

774 3149 964 3203 quum
1017 3136 1257 3191 colonos
1310 3136 1434 3190 solo
1490 3135 1893 3203 adstringeret
1945 3136 2410 3204 prohiberetque
2458 3150 2535 3191 ne
2574 3136 2932 3204 recederent,
2968 3136 3231 3192 effecerit
3267 3138 3338 3190 ut

773 3222 900 3291 agri
938 3224 1130 3291 magis
1164 3225 1273 3277 aut
1308 3223 1528 3278 melius
1563 3224 1913 3278 colerentur
1943 3224 1999 3287 (i.
2021 3239 2069 3279 e.
2110 3239 2249 3278 num
2278 3224 2577 3293 profuerit
2619 3223 3016 3293 amiculam-ae
3033 3224 3333 3289 strictiore,

777 3309 1040 3378 technico,
1092 3324 1289 3365 sensu:
1344 3310 1565 3365 rationi
1619 3325 1790 3378 apros
1843 3310 2083 3375 colendi)
2139 3312 2319 3379 atque
2372 3312 2457 3365 ita
2504 3312 2744 3366 auxerit
2779 3312 3008 3380 copiam
3044 3309 3332 3366 frumenti

772 3397 1144 3465 aliarumque
1199 3411 1418 3463 rerum,
1472 3397 1694 3465 quibus
1743 3397 1922 3452 ceteri
1962 3397 2163 3466 populi
2199 3398 2436 3453 ordines
2472 3400 2890 3454 vescebantur.
2926 3398 3089 3453 Haec
3125 3400 3333 3453 autem

772 3483 1122 3539 difficillima
1159 3485 1255 3539 est
1289 3485 1583 3552 quaesti0‚
1619 3485 1681 3538 in
1720 3499 1839 3552 qua
1871 3485 1977 3538 vix
2003 3484 2330 3552 quidquam
2356 3499 2458 3553 pro
2485 3486 2647 3541 certo
2672 3486 2968 3540 affirmare
2993 3499 3335 3553 possumus.

771 3570 1012 3626 Scimus
1064 3585 1209 3626 sane
1239 3571 1343 3638 jus
1382 3571 1696 3626 colonatus
1731 3571 1894 3626 illius
1932 3571 2313 3639 migrationis
2348 3572 2413 3626 in
2445 3573 2641 3641 urbeS,
2670 3588 2851 3640 quam
2876 3587 3058 3641 supra
3082 3586 3332 3628 comme·

770 3658 1016 3727 moravi,
1061 3673 1180 3714 non
1225 3658 1470 3713 omnino
1495 3658 1681 3713 finem
1707 3658 1918 3713 fecisse
1933 3674 1947 3726 3
1967 3659 2080 3713 hoc
2105 3662 2350 3726 apparet
2370 3673 2448 3713 ex
2472 3659 2731 3727 posteris
2750 3659 2997 3727 legibuS,
3020 3674 3096 3714 ex
3115 3659 3336 3727 quibus

770 3746 1172 3814 comperimus
1208 3744 1627 3801 Justinianum
1664 3746 2064 3813 magistratus
2100 3746 2607 3801 extraordinarios
2641 3746 2979 3801 instituisse
3018 3748 3089 3801 ut
3105 3760 3335 3810 omnes,

770 3833 873 3901 qui
910 3847 1046 3888 rure
1081 3831 1666 3901 Constantinopolim
1704 3833 2034 3901 venissent,
2069 3833 2139 3887 de
2177 3833 2403 3900 origine
2440 3833 2899 3901 interrogarent,
2936 3835 2998 3888 et
3034 3836 3333 3901 quantum

767 3920 1036 3989 possent,
1088 3934 1157 3975 eo
1211 3920 1614 3975 remitterent.
1672 3919 1844 3975 ‹Nov.
1901 3919 2057 3974 Just.
2113 3919 2364 3975 LXXX.
2406 3934 2529 3989 cap.
2570 3923 2595 3974 1
2605 3961 2759 3974 .....
2798 3919 3092 3975 Volumus
3127 3922 3334 3976 autem

768 4007 1083 4075 cingulum
1137 4007 1464 4062 habentem
1517 4007 1629 4062 hoc
1684 4007 2105 4075 respicientem
2160 4007 2232 4061 ad
2289 4007 2471 4062 deum
2524 4008 2920 4075 nostrumque
2957 4008 3236 4063 timorem
3272 4009 3334 4063 et

767 4094 962 4163 legem
1018 4094 1316 4162 requirere
1375 4093 1803 4159 ÷advenientes)
1841 4094 1916 4148 ad
1955 4108 2237 4161 magnam
2276 4094 2432 4149 hanc
2470 4095 2799 4164 civitatem,
2837 4110 2915 4150 ex
2953 4109 3333 4163 quacumque

765 4182 1073 4251 provincia
1107 4181 1248 4249 sint,
1285 4180 1445 4237 viros
1481 4181 1608 4235 sive
1646 4179 1949 4243 mulieres,
1987 4182 2095 4235 aut
2133 4181 2379 4236 clericos
2417 4196 2524 4236 seu
2544 4182 2874 4237 monachos
2893 4183 2985 4238 vel
3010 4182 3334 4237 monachas

765 4268 893 4323 sive
946 4270 1338 4323 externarum
1395 4268 1712 4323 civitatum
1769 4267 2093 4322 advocatos
2147 4270 2256 4323 aut
2291 4267 2541 4323 alterius
2578 4269 3014 4336 cujuscumque
3052 4268 3332 4323 fortunae

765 4354 858 4411 vel
904 4355 1215 4423 dignitatis
1251 4356 1536 4418 existant,
1576 4357 1638 4410 et
1674 4355 2037 4423 perscrutari
2074 4355 2174 4423 qui
2213 4356 2337 4409 sint
2374 4357 2481 4409 aut
2518 4355 2679 4409 unde
2717 4357 2996 4411 venerint
3028 4358 3091 4410 et
3126 4356 3188 4410 in
3215 4371 3335 4423 qua

765 4442 1091 4498 occasione.
1126 4442 1202 4497 Et
1236 4443 1287 4497 si
1324 4443 1565 4510 quidem
1605 4441 1897 4511 agricolae
1935 4443 2096 4510 sunt,
2133 4442 2449 4497 intendere
2488 4443 2708 4510 quibus
2746 4444 3023 4497 nostrum
3057 4441 3331 4510 judicum

766 4528 982 4584 horum
1038 4530 1393 4598 competunt
1447 4529 1605 4597 lites,
1642 4530 1705 4584 et
1743 4529 1838 4583 his
1873 4529 2213 4596 imminere,
2248 4528 2649 4596 velociterque
2685 4543 2788 4583 eos
2824 4528 3049 4598 eripere
3088 4529 3334 4584 difficul-

764 4615 992 4670 tatibus
1027 4616 1267 4684 propter
1303 4630 1453 4684 quas
1484 4616 1582 4671 hic
1602 4617 1920 4683 venerunt,
1940 4618 2002 4670 et
2020 4616 2384 4671 festinanter
2403 4616 2562 4670 unde
2586 4619 2886 4671 venerunt
2905 4631 3006 4671 eos
3026 4617 3332 4671 remittere

762 4692 1168 4770 competentia
1184 4701 1496 4771 fruentes).
1517 4702 1628 4757 His
1650 4702 1941 4771 agricoliS‚
1962 4704 2063 4771 qui
2084 4702 2344 4758 dominis
2367 4704 2644 4771 egebant,
2663 4717 3036 4771 possessores
3055 4702 3331 4771 praebere

764 4788 1087 4855 debebant3
1142 4788 1192 4844 si
1230 4789 1407 4845 multi
1447 4789 1628 4844 simul
1669 4790 1980 4857 venerant,
2016 4792 2086 4845 ut
2123 4804 2335 4844 causas
2371 4790 2662 4845 adversus
2704 4790 3017 4844 dominum
3047 4789 3332 4846 dicerent,

760 4889 984 4946 paucos
1022 4876 1265 4933 tantum
1302 4876 1616 4947 oportebat
1649 4876 1928 4945 relinqui,
1967 4877 2197 4933 ceteros
2235 4892 2416 4945 quam
2451 4877 2757 4933 celerrime
2778 4876 3024 4947 remitti,
3045 4890 3332 4946 „quorum
