3770 5738
1958 525 2084 591 130

743 728 1078 808 (1011111108,
1173 743 1470 808 quorum
1513 724 1685 789 fides
1733 724 1928 788 nulla
1977 740 2067 788 ex
2115 725 2316 805 parte
2390 721 2736 787 adstricta
2805 725 2960 788 erat
3031 723 3301 804 legibus

738 846 1052 913 saltuum
1099 862 1272 927 quas
1323 844 1454 925 ipsi
1503 844 2045 920 constituerant,
2095 842 2182 906 ad
2227 841 2536 923 judicem
2587 841 2851 906 deferre
2876 842 3297 923 nequibant;

739 982 873 1046 quo
948 964 1160 1047 fiebat
1207 965 1290 1027 ut
1330 960 1890 1043 jnrisprudentia
1937 976 2075 1025 non
2125 962 2366 1041 posset
2437 960 2620 1024 oriri.
2673 959 3120 1025 Possessores
3166 960 3301 1040 ipsi

740 1099 989 1148 causas
1037 1080 1554 1162 dijudicabant3
1604 1079 1815 1161 legeS,
1865 1095 2043 1160 quae
2094 1078 2563 1143 mercenarios
2612 1081 3006 1161 tuerentur,
3055 1078 3301 1143 multis

741 1200 1039 1266 saeculis
1113 1202 1358 1280 postea
1431 1199 1711 1263 demum
1783 1198 1971 1262 latae
2019 1199 2209 1263 sunt.
2262 1234 2343 1242 —

829 1317 1056 1399 Supra
1147 1321 1443 1383 conatus
1537 1334 1696 1381 sum
1781 1317 2262 1381 demonstrare
2356 1315 2777 1381 locationem
2870 1316 3300 1397 partiariam,

745 1439 1093 1517 quatenus
1164 1435 1445 1515 quidem
1526 1434 1841 1499 adhibita
1911 1436 2043 1516 est,
2116 1436 2189 1498 et
2260 1434 2600 1514 imprimis
2670 1435 3065 1499 absentiam
3130 1434 3305 1514 legis

744 1554 1115 1620 locationis
1165 1554 1236 1617 in
1285 1553 1691 1632 ingentibus
1738 1552 2043 1617 saltibus
2108 1551 2372 1617 multos
2442 1552 2721 1618 colonos
2790 1553 3014 1633 magis
3059 1552 3303 1632 magis-

746 1689 880 1753 que
951 1672 1289 1737 obnoxios
1361 1671 1784 1752 reddidisse3
1834 1670 1954 1735 sed
2028 1670 2255 1735 multo
2327 1670 2610 1751 majoris
2680 1670 2896 1736 etiam
2966 1671 3304 1736 momenti

747 1790 884 1855 alia
954 1807 1065 1854 res
1135 1789 1296 1870 fuit,
1369 1805 1578 1869 quam
1642 1806 1730 1853 ex
1803 1788 2377 1868 inscriptionibus
2461 1789 2976 1868 cognoscimus:
3058 1805 3304 1870 operas

748 1908 1034 1974 diurnas
1103 1908 1254 1972 dico
1332 1906 1948 1988 (vroondiensten).
2023 1905 2155 1971 His
2226 1906 2414 1971 enim
2473 1906 2742 1971 factum
2791 1910 2901 1972 est
2948 1909 3028 1971 ut
3077 1906 3303 1971 coloni

748 2027 820 2091 in
917 2025 1397 2091 condicionem
1490 2024 2043 2106 prolaberentur,
2139 2040 2315 2105 quae
2407 2041 2481 2088 re
2569 2041 2738 2089 vera
2830 2025 3117 2105 paulum
3216 2025 3305 2089 ab

748 2144 1204 2210 adhaerentia
1276 2142 1532 2208 differt.
1629 2141 1829 2208 Hanc
1912 2145 1997 2208 ob
2082 2160 2229 2208 rem
2298 2142 2664 2223 praecipue
2734 2160 2981 2224 operae
3052 2146 3303 2208 notatu

750 2263 998 2344 dignae
1085 2263 1275 2343 sunt,
1346 2261 1674 2341 quoniam
1745 2264 1817 2326 et
1885 2261 2054 2326 alibi
2124 2261 2196 2325 in
2266 2260 2560 2325 historia
2629 2262 2934 2325 humana
3003 2278 3303 2326 commu-

749 2381 1094 2446 tationem
1181 2378 1582 2444 attulerunt
1676 2397 1924 2444 versus
2022 2379 2545 2443 adhaerentiam
2624 2379 3056 2444 tendentem.
3158 2379 3301 2464 „Im

756 2501 858 2565 15.
931 2498 1416 2563 Jahrhundert
1507 2515 1654 2562 war
1753 2497 1874 2562 der
1943 2498 2279 2563 deutsche
2352 2497 2580 2562 Bauer
2646 2497 2790 2562 fast
2859 2497 3123 2562 uberall
3188 2498 3301 2562 ein

750 2617 1092 2697 gewissen
1163 2616 1591 2695 Leistungen
1660 2616 1731 2679 in
1804 2615 2122 2680 Produkt
2193 2616 2334 2680 und
2405 2616 2656 2681 Arbeit
2726 2616 3300 2697 unterworfener,

747 2736 913 2800 aber
957 2737 1159 2800 sonst
1207 2735 1637 2814 wenigstens
1682 2733 1990 2798 faktisch
2039 2733 2246 2798 freier
2270 2734 2501 2799 Mann.
2531 2735 2657 2799 Die
2690 2734 3073 2799 deutschen
3099 2734 3299 2798 Kolo-

748 2854 983 2920 nisten
1056 2854 1125 2918 in
1188 2853 1712 2934 Brandenburg,
1764 2851 2156 2934 Pommern,
2208 2852 2563 2919 Schlesien
2613 2853 2754 2918 und
2806 2851 3303 2918 Ost-Preussen

746 2990 983 3039 waren
1032 2990 1233 3053 sogar
1278 2972 1620 3037 rechtlich
1666 2971 1773 3036 als
1817 2971 2015 3037 Freie
2063 2972 2480 3037 anerkannt.
2532 2973 2670 3037 Der
2715 2971 2874 3052 Sieg
2922 2971 3045 3037 des
3087 2971 3305 3036 Adels

746 3092 842 3156 im
888 3091 1362 3170 Bauernkrieg
1410 3091 1689 3155 machte
1737 3090 1895 3154 dem
1943 3089 2054 3154 ein
2103 3090 2317 3155 Ende.
2368 3090 2581 3155 Nicht
2630 3108 2763 3154 nur
2810 3089 2920 3155 die
2945 3090 3302 3170 besiegten

745 3209 1266 3275 siiddeutschen
1311 3209 1587 3273 Bauern
1638 3208 1926 3273 wurden
1978 3208 2236 3273 wieder
2281 3209 2642 3289 leibeigen.
2685 3206 2909 3273 Schon
2938 3208 3076 3273 seit
3101 3207 3304 3272 Mitte

745 3328 867 3393 des
942 3329 1044 3392 16.
1089 3327 1332 3392 Jahrh.
1381 3327 1664 3391 werden
1713 3327 1823 3391 die
1871 3327 2500 3410 ostpreussischen,
2550 3327 3303 3406 brandenburgischen,

744 3446 1270 3528 pommerschen
1368 3446 1510 3509 und
1599 3445 2092 3527 schlesischen,
2181 3445 2322 3510 und
2403 3445 2559 3511 bald
2633 3446 2885 3510 darauf
2944 3445 3124 3510 auch
3196 3445 3304 3509 die

719 3564 1686 3645 .schleswig-holsteinischen
1707 3562 1925 3627 freien
1939 3564 2213 3628 Bauern
2238 3581 2323 3627 zu
2343 3564 2761 3644 Leibeignen
2782 3563 3204 3643 erniedrigt''
3233 3558 3302 3638 ¹).

834 3681 907 3747 Si
974 3682 1395 3763 inquirimus
1467 3683 1538 3746 in
1613 3698 1862 3747 causas
1912 3681 2187 3764 quibus,
2237 3685 2310 3746 et
2356 3683 2427 3746 in
2474 3682 2830 3747 rationem
2879 3697 3014 3762 qua
3062 3698 3310 3762 operae

744 3801 903 3866 illae
954 3803 1122 3865 sunt
1172 3802 1388 3882 ortae,
1416 3801 1728 3864 omnium
1776 3801 1955 3864 hanc
2003 3801 2405 3865 invenimus
2445 3800 2958 3866 condicionem:
3000 3800 3306 3881 inopiam

744 3918 1216 3999 operariorum
1262 3918 1709 3982 rusticorum.
1762 3917 1911 3999 Quo
1958 3919 2161 3983 modo
2213 3919 2381 3984 haec
2429 3918 2515 3983 ad
2557 3936 2802 3999 operas
2832 3918 3306 3984 instituendas

745 4038 996 4102 ducere
1068 4037 1313 4118 possit,
1382 4036 1564 4101 clare
1632 4037 1934 4117 perspici
1983 4040 2241 4119 potest,
2291 4038 2352 4101 si
2401 4037 2922 4102 consideramus
2971 4041 3306 4102 eventum

743 4156 1111 4238 quendam,
1138 4156 1255 4236 qui
1282 4156 1666 4220 recentiore
1684 4158 1943 4238 aetate,
1969 4156 2249 4221 saeculo
2267 4157 2746 4237 praecedente,
2766 4160 2977 4236 atque
2993 4157 3306 4237 proxime

743 4277 1047 4358 patriam
1096 4277 1431 4356 nostram,
1480 4275 1552 4338 in
1619 4274 1971 4356 Borussia,
2024 4276 2362 4340 occurrit:
2412 4276 2826 4340 institutum
2869 4276 3018 4340 dico
3066 4292 3306 4341 eorum

745 4394 1255 4476 praediolorum
1309 4410 1484 4473 quae
1541 4393 2113 4477 „Rentenguter”
2164 4394 2495 4458 dicuntur
2520 4390 2589 4471 2).

819 4534 856 4598 ¹)
893 4533 956 4587 F.
991 4534 1251 4602 ENGELS,
1288 4533 1424 4589 adn.
1460 4534 1573 4603 44³,
1610 4548 1666 4602 p.
1705 4533 1806 4589 198
1842 4548 1948 4589 zur
1977 4534 2070 4588 30¹1
2102 4534 2261 4589 Auss.
2282 4550 2336 4589 v.
2362 4534 2568 4590 MARx’
2596 4534 2839 4603 Kapital
2867 4534 2913 4601 1,
2941 4534 3045 4590 ubi
3071 4533 3302 4590 laudat:

745 4622 1031 4690 MAUBER,
1095 4621 1451 4689 Frohnhofe,
1506 4620 1590 4675 IV
1646 4621 1832 4677 Band.
1879 4653 1930 4661 —
1976 4623 2272 4691 Mm‘rznm,
2328 4622 2445 4677 Der
2500 4623 2706 4679 Boden
2742 4623 2849 4678 des
2882 4622 3305 4692 preussischen

747 4708 968 4763 StaatS.
1011 4739 1062 4747 —
1107 4708 1386 4778 Rauen-u,
1423 4708 1940 4776 Leibeigenschaft
1975 4711 2038 4765 in
2076 4709 2736 4778 Schleswig-Holstein.

819 4796 859 4863 ²)
897 4795 980 4849 Ea
1015 4809 1168 4863 quae
1206 4797 1550 4864 sequuntur
1587 4796 1939 4865 deprompta
1975 4801 2123 4853 sunt
2158 4811 2236 4851 ex
2276 4797 2683 4866 disputatione
2720 4798 2833 4852 viri
2872 4797 2928 4853 d.
2964 4798 3031 4853 R.
3066 4797 3307 4867 Manu,

749 4882 854 4940 Die
905 4882 1556 4952 Rentengutergesetze
1603 4883 1666 4939 in
1715 4883 2033 4941 Preuszen.
2073 4884 2408 4945 Neuezeit
2441 4884 2533 4941 XI
2558 4886 2593 4941 ².
2630 4900 2686 4955 p.
2723 4885 2842 4957 172,
2880 4885 2997 4957 197,
3032 4885 3152 4955 237,
3186 4884 3308 4940 274.
