3770 5738
2007 500 2095 563 86

777 696 846 762 111
916 698 1103 778 agris
1174 697 1692 779 collocatorum,
1774 700 1848 762 et
1896 697 2254 783 legitimae
2303 697 2584 777 quidem
2633 714 2862 762 coram
2913 697 3328 778 magistratu

773 818 900 881 aut
962 816 1511 897 promagistratu
1558 818 1907 898 peractae,
1958 816 2212 896 quibus
2259 816 2330 880 hi
2379 809 2518 880 non
2567 815 2802 880 Latini
2850 815 3160 898 Juniani,
3209 815 3331 880 sed

776 934 968 999 cives
1018 934 1313 999 Romani
1363 933 1632 1017 fierent,
1683 934 2006 1015 quamvis
2055 934 2394 999 molestae
2441 932 2660 999 fuisse
2684 934 2985 998 debeant
3010 933 3330 1015 dominis,

776 1053 1068 1133 cogitari
1115 1069 1283 1117 sane
1330 1054 1630 1134 possunt
1678 1053 1750 1116 in
1800 1053 1910 1117 his
1957 1052 2183 1118 servis
2233 1069 2370 1117 non
2421 1053 2654 1117 minus
2711 1068 2918 1134 quam
2961 1053 3030 1116 in
3058 1052 3328 1117 ceteriS.

775 1170 909 1236 Sed
983 1169 1323 1251 eJusmodi
1397 1171 1521 1251 rei,
1598 1188 1805 1251 quam
1855 1188 2097 1236 omnes
2168 1171 2428 1235 domini
2478 1173 2629 1235 toto
2679 1171 2968 1252 imperio
3019 1170 3330 1236 Romano

773 1289 917 1355 fere
1012 1290 1252 1354 eodem
1349 1292 1660 1370 tempore
1732 1292 1805 1354 et
1875 1289 2092 1354 libero
2161 1290 2468 1371 ipsorum
2533 1290 2823 1355 arbitrio
2893 1289 3331 1371 peregissent

774 1425 1061 1473 necesse
1108 1411 1322 1489 esset,
1373 1425 1457 1472 ne
1507 1425 1727 1473 unum
1775 1408 2059 1489 quidem
2107 1407 2529 1490 exemplum,
2558 1410 2902 1489 quantum
2931 1408 3331 1489 sci0,tradi·

775 1528 929 1590 tum
1001 1528 1223 1591 extat.
1319 1524 1741 1607 Saepissime
1814 1527 2096 1608 quidem
2165 1563 2246 1572 —
2312 1530 2386 1591 et
2433 1527 2564 1592 hoc
2610 1525 2908 1592 fortasse
2956 1525 3331 1591 nonnullos

774 1645 860 1709 ad
911 1638 1160 1709 falsam
1210 1645 1730 1709 conclusionem
1806 1645 2089 1709 induxit
2151 1681 2213 1690 -
2279 1646 2464 1710 servi
2519 1663 2560 1709 a
2607 1644 2910 1709 dominis
2958 1644 3106 1708 suis
3132 1643 3331 1709 collo-

775 1763 913 1827 cati
964 1765 1135 1827 sunt
1181 1764 1379 1844 quasi
1432 1764 1643 1827 coloni
1667 1758 1738 1844 ¹),
1789 1763 1909 1827 sed
1955 1764 2136 1827 hanc
2185 1763 2269 1827 ob
2311 1781 2457 1828 rem
2483 1763 2768 1828 minime
2795 1762 3059 1827 fiebant
3084 1762 3329 1827 coloni.

774 1880 983 1946 Nullo
1033 1881 1238 1946 modo
1285 1884 1578 1963 apparet
1627 1882 1806 1946 tales
1854 1883 2172 1947 homines
2221 1882 2508 1947 desiisse
2539 1898 2782 1945 servos
2806 1897 2981 1962 esse,
3006 1880 3331 1961 quamvis

772 2000 1056 2065 meliore
1127 1999 1528 2065 condicione
1597 1999 1747 2063 sine
1818 2000 2025 2064 dubio
2096 2002 2465 2065 uterentur
2496 1997 2571 2079 2).
2627 1999 2758 2064 Sed
2809 2000 2917 2064 fac
2968 1997 3114 2063 tale
3161 1999 3323 2080 quid

772 2117 986 2183 semel
1050 2118 1446 2198 iterumque
1493 2117 1852 2200 accidisse,
1910 2135 2116 2183 usum
2162 2119 2349 2183 hunc
2399 2118 2768 2198 vulgatum
2813 2117 3031 2182 fuisse
3078 2134 3326 2199 parum

773 2235 1127 2318 probabile
1193 2236 1495 2301 videtur.
1590 2236 1770 2301 Nam
1817 2239 2311 2318 praeterquam
2356 2237 2533 2319 quod
2585 2236 2845 2317 aliquid
2891 2236 3144 2301 saltem
3191 2239 3327 2300 tra·

775 2354 1002 2419 ditum
1097 2370 1250 2419 esse
1350 2354 1856 2435 expectaveriS,
1948 2356 2361 2436 praesertim
2431 2354 2712 2419 difficile
2784 2355 2974 2419 dictu
3046 2354 3329 2419 videtur

775 2472 937 2554 quid
991 2472 1276 2537 tandem
1322 2472 1668 2538 commodi
1715 2490 2153 2553 possessores
2200 2473 2329 2537 tali
2379 2473 2928 2538 manumissione
2974 2473 3326 2555 appetive-

772 2591 918 2655 rint
964 2592 1038 2655 et
1086 2591 1445 2656 consecuti
1494 2591 1779 2656 fuerint.
1872 2590 2051 2656 Nam
2099 2591 2279 2673 quod
2328 2592 2397 2655 in
2449 2592 2674 2656 servis
2700 2591 2986 2656 urbanis
3011 2589 3325 2671 intellegi

772 2710 1029 2790 potest,
1081 2708 1396 2775 dominos
1443 2709 1528 2775 ad
1582 2725 1700 2774 eos
1748 2709 2350 2774 manumittendos
2403 2709 2773 2790 magnifica
2821 2710 3121 2789 quadam
3166 2708 3325 2773 libe·

772 2826 1057 2893 ralitate
1128 2830 1201 2892 et
1269 2844 1461 2893 mera
1532 2827 1813 2893 luxuria
1882 2828 2225 2894 adductos
2274 2845 2447 2912 esse,
2498 2828 2566 2893 id
2616 2829 2689 2893 in
2737 2844 2979 2894 servos
3026 2828 3329 2894 rusticos

772 2946 1016 3012 cadere
1086 2964 1224 3012 non
1294 2949 1553 3029 potest,
1624 2947 2041 3028 praesertim
2113 2948 2183 3011 in
2260 2950 2428 3013 nota
2498 2948 2618 3013 illa
2674 2948 2907 3029 inopia
2957 2964 3324 3030 operarum

770 3065 1175 3145 agrestium.

865 3181 1112 3247 Altera
1182 3186 1420 3248 autem
1492 3185 1601 3247 est
1665 3185 2006 3265 quaestio,
2055 3201 2252 3267 quae,
2302 3187 2383 3249 ut
2428 3184 2595 3266 dixi,
2645 3202 2804 3249 cum
2852 3184 3077 3265 prima
3118 3199 3325 3265 saepe

771 3300 1241 3383 confunditur,
1295 3318 1463 3366 num
1510 3301 1909 3382 hujnsmodi
1960 3303 2564 3375 manumissiones,
2616 3303 2893 3368 etiamsi
2919 3302 3321 3384 acciderint,

769 3419 1188 3484 cohaereant
1233 3436 1391 3484 cum
1431 3420 1795 3506 colonatus
1843 3421 2128 3502 origine,
2177 3421 2220 3485 i.
2249 3438 2305 3486 e.
2350 3438 2515 3486 num
2542 3438 2783 3486 omnes
2807 3421 3031 3486 coloni
3057 3420 3324 3486 fuerint

776 3536 1105 3618 libertini,
1150 3554 1320 3602 num
1360 3538 1727 3604 colonatus
1758 3556 1847 3603 ex
1876 3540 2423 3605 manumissione
2452 3540 2598 3605 sola
2625 3540 2934 3621 potuerit
2958 3540 3220 3621 acquiri
3248 3541 3322 3604 et

772 3654 989 3719 fuerit
1066 3655 1415 3736 peculiare
1478 3673 1699 3737 genus
1745 3657 2256 3723 libertinitatis.
2307 3658 2382 3722 Id
2431 3661 2670 3723 autem
2720 3659 2921 3739 longe
2969 3658 3174 3723 aliter
3244 3674 3318 3723 se

768 3772 1019 3837 habere
1045 3776 1343 3838 constat.
1374 3774 1666 3839 Prorsus
1691 3776 1930 3841 nullus
1949 3776 2141 3841 locus
2165 3776 2434 3841 laudari
2460 3779 2697 3858 potest
2714 3793 2802 3841 ex
2829 3793 2962 3857 quo
2986 3779 3321 3858 appareat

767 3890 1066 3973 colonOS,
1114 3890 1197 3957 de
1243 3893 1493 3973 quibus
1540 3895 1793 3975 agitur,
1843 3897 2222 3976 antequam
2277 3895 2503 3961 coloni
2544 3894 2713 3960 facti
2762 3897 3022 3977 essent,
3075 3911 3318 3960 servos

763 4008 1002 4074 fuisse.
1049 4009 1268 4075 Immo
1310 4028 1467 4075 cum
1517 4012 1882 4077 colonatus
1935 4014 2006 4077 in
2056 4013 2526 4078 Palaestinam
2576 4014 3043 4095 induceretur,
3092 4014 3321 4079 coloni

764 4127 962 4192 liberi
1001 4127 1289 4193 fuerunt
1328 4130 1445 4209 qui
1472 4130 1881 4196 dicebantur
1906 4132 2198 4213 posthac
2225 4132 2369 4197 solo
2395 4132 2716 4197 adstricti
2763 4132 2909 4197 fore
2937 4127 3008 4208 3).
3034 4131 3317 4197 Falsum

835 4329 875 4396 ¹)
914 4329 974 4384 L.
1013 4329 1097 4383 12.
1134 4331 1167 4396 5
1203 4330 1253 4384 3.
1276 4329 1402 4398 Dig.
1424 4330 1720 4387 XXXIII.
1740 4332 1791 4387 7.
1812 4332 2145 4400 Quaeritur,
2165 4349 2242 4388 an
2264 4348 2492 4403 servus„
2512 4334 2614 4402 qui
2635 4334 2807 4402 quasi
2829 4333 3076 4388 colonus
3094 4333 3156 4388 in
3177 4347 3319 4401 agro

761 4416 905 4480 erat,
925 4415 1330 4471 instrumento
1350 4418 1546 4486 legato
1568 4419 1968 4474 contineatur.
1997 4451 2049 4458 —
2076 4421 2296 4475 Eadem
2316 4423 2705 4489 opponuntur
2726 4421 2784 4475 in
2804 4420 2865 4474 L.
2879 4420 2962 4474 16.
2978 4420 3104 4489 Dig.
3120 4419 3316 4476 XV.3.

760 4502 1116 4571 Ceteroquin
1154 4504 1288 4558 vide
1324 4504 1560 4560 Fusrm.
1580 4520 1659 4560 nn
1680 4507 2065 4576 ConLAnons,
2102 4508 2138 4562 l.
2176 4523 2224 4562 c.
2262 4508 2444 4576 Chap.
2479 4507 2581 4562 IV.
2620 4507 2736 4562 Des
2770 4510 3018 4563 tenures
3054 4507 3319 4562 serviles

829 4591 867 4652 ²)
904 4590 1154 4660 Wsssna,
1194 4591 1360 4647 Rom.
1396 4594 1951 4661 Agrargeschichte.
1988 4610 2044 4664 p.
2078 4596 2197 4651 249.
2234 4596 2370 4651 adn.
2411 4596 2624 4651 Sobald
2663 4596 2768 4650 der
2802 4595 3024 4651 Sklave
3064 4610 3174 4651 aus
3212 4595 3317 4651 der

757 4677 899 4733 villa
932 4679 1157 4733 rustica
1193 4679 1412 4734 heraus
1446 4680 1510 4735 in
1538 4681 1637 4735 ein
1665 4681 1908 4748 eigenes
1937 4683 2105 4738 Haus
2125 4684 2355 4750 gesetzt
2375 4683 2601 4752 winde,
2623 4684 2855 4738 muszte
2876 4696 2941 4738 er
2960 4682 3315 4750 gleichartig

758 4765 872 4820 mit
905 4765 1019 4820 den
1057 4764 1331 4821 Kolonen
1368 4767 1690 4823 behandelt
1725 4769 1987 4825 werden.

828 4852 867 4918 ⁸)
906 4851 967 4906 L.
1006 4854 1053 4906 1.
1091 4852 1150 4906 C.
1187 4853 1238 4907 J.
1277 4852 1384 4908 XI.
1419 4856 1504 4908 51.
