3770 5738
1685 511 1809 578 167

482 731 679 779 musz
750 713 969 777 durch
1043 711 1583 793 Zwangsmittel
1653 728 1739 775 zu
1804 710 2053 776 dessen
2102 707 2571 787 Fortsetzung
2617 705 3036 787 angehalten

486 829 832 897 werden.'’
896 829 969 895 Si
1017 833 1304 912 rogatur
1354 847 1564 911 quam
1605 829 1691 895 ob
1741 846 2027 894 causam
2075 827 2146 892 in
2195 827 2324 892 hac
2379 828 2453 890 et
2500 826 2572 890 in
2621 825 2781 889 aliis
2828 825 3038 890 rebus

482 950 774 1032 operarii
845 949 1095 1014 rustici
1164 949 1375 1030 positi
1423 949 1571 1014 sint
1619 948 1809 1013 ultra
1855 947 2143 1013 solitum
2191 948 2264 1010 et
2313 961 2678 1011 commune
2720 943 2858 1025 Jus,
2906 943 3038 1008 uti·

480 1069 821 1134 lissimum
863 1084 1274 1149 responsum
1325 1068 1453 1132 hoc
1501 1069 1634 1149 est,
1686 1065 1871 1147 quod
1921 1065 2130 1130 datur
2179 1065 2248 1128 in
2297 1063 2560 1128 additis
2601 1062 3039 1142 argumentis

465 1186 791 1267 ·(Motive)
849 1186 1054 1270 „dasz
1103 1186 1228 1250 das
1273 1184 1624 1250 landliche
1673 1182 2322 1249 Dienstverhaltnis
2346 1182 2551 1246 einen
2578 1181 2746 1245 iiber
2773 1180 3037 1245 Privat-

479 1304 676 1370 recht
745 1304 888 1368 und
938 1305 1107 1369 iiber
1153 1304 1262 1368 die
1310 1303 1734 1386 Interessen,
1784 1302 2049 1368 welche
2098 1300 2220 1366 der
2264 1298 2471 1365 Staat
2517 1300 2628 1364 bei
2676 1298 3040 1380 Erfnllung

481 1421 1134 1504 privatrechtlicher
1172 1420 1869 1487 Verbindlichkeiten
1913 1420 2130 1485 durch
2174 1419 2306 1484 den
2334 1417 2888 1500 Verpflichteten
2915 1418 3041 1483 hat

479 1541 1091 1622 hinausgehenden
1141 1540 1524 1605 Charakter
1572 1540 1859 1622 besitze,
1909 1540 2031 1604 der
2081 1539 2213 1603 den
2262 1537 2434 1602 alles
2467 1537 2868 1602 ordnenden
2895 1536 3035 1601 und

481 1660 552 1724 in
619 1659 1001 1724 Harmonie
1071 1659 1498 1739 bringenden
1570 1657 1769 1724 Staat
1843 1657 2242 1738 berechtige
2312 1656 2454 1721 und
2527 1655 2844 1736 zugleich
2894 1672 3038 1719 ver·

480 1777 763 1860 pflichte
834 1795 958 1842 zur
1029 1777 1752 1858 Aufrechterhaltung
1819 1777 1961 1841 und
2021 1776 2392 1857 gehorigen
2444 1773 2870 1855 Gestaltung
2917 1773 3039 1840 des

478 1895 1239 1961 Dienstverhaltnisses
1280 1895 1512 1960 Mittel
1552 1913 1637 1960 zu
1663 1895 2038 1976 gewahren
2070 1894 2210 1959 und
2237 1893 2742 1975 anzuwenden,
2771 1891 3037 1957 welche

480 2015 649 2079 iiber
719 2014 1103 2095 diejenigen
1173 2014 1675 2095 hinausgehen‚
1749 2013 1859 2079 die
1916 2030 1991 2079 er
2037 2013 2151 2078 fur
2197 2013 2345 2077 rein
2399 2011 3038 2093 vermogensrecht-

479 2133 657 2198 liche
716 2132 1530 2212 Vertragsverhaltnisse
1577 2149 1665 2197 zu
1715 2131 1983 2198 Gebote
2030 2131 2229 2196 stellt
2256 2181 2269 2196 .
2301 2180 2361 2196 ..
2412 2130 2763 2213 Tragheit‚
2813 2129 3036 2211 Unge-

480 2252 755 2316 horsam
798 2250 939 2316 und
985 2251 1543 2332 Zuchtlosigkeit
1587 2251 1712 2316 des
1758 2250 2102 2316 Gesindes
2148 2250 2290 2315 und
2319 2249 2439 2315 der
2462 2249 2673 2314 ihnen
2699 2249 2923 2331 gleich
2949 2266 3037 2314 zu

476 2368 866 2434 stellenden
940 2361 1269 2434 Arbeiter
1331 2369 1932 2449 beeintrachtigen
1980 2370 2177 2434 nicht
2226 2368 2336 2433 die
2383 2368 2686 2433 anderen
2741 2367 3037 2433 Kontra·

478 2486 760 2569 henten,
811 2487 921 2553 die
968 2486 1406 2570 Herrschaft,
1454 2487 1687 2569 allein‚
1729 2487 1838 2574 ‘sie
1882 2486 2260 2568 gefahrden
2312 2486 2436 2551 das
2484 2486 2798 2568 gemeine
2824 2485 3035 2552 Wohl

478 2605 618 2669 und
660 2622 852 2670 zwar
899 2606 967 2670 in
1017 2605 1484 2671 erheblichem
1530 2605 1762 2672 Masze
1789 2656 1802 2670 .
1833 2655 1847 2670 .
1879 2603 1960 2671 .”

567 2723 825 2805 Quodsi
874 2725 1136 2789 nostris
1184 2725 1619 2806 temporibus
1646 2723 2046 2806 huiusmodi
2078 2723 2422 2805 neglectio
2444 2722 3034 2805 communisjuris

476 2858 712 2907 eorum
763 2858 1242 2924 possessorum
1290 2843 1540 2927 gratia,
1587 2843 1840 2924 quibus
1872 2843 2176 2926 prodest,
2204 2842 2350 2908 fieri
2377 2844 2613 2924 potest
2637 2843 2710 2908 et
2735 2841 3033 2923 defendi,

474 2978 609 3025 non
660 2961 1056 3027 mirandum
1095 2964 1216 3027 ‘est
1262 2962 1390 3027 tali
1442 2962 1645 3027 modo
1688 2962 1807 3043 jus
1855 2962 2201 3028 violatum
2249 2979 2403 3028 esse
2428 2978 2507 3027 eo
2533 2963 2868 3043 tempore,
2896 2979 3032 3042 quo

473 3096 908 3160 possessores
978 3082 1053 3145 et
1123 3080 1347 3146 multo
1417 3081 1851 3163 potentiores
1923 3084 2126 3145 erant
2194 3096 2421 3161 neque
2489 3081 2591 3146 eis
2661 3081 3034 3162 quicquam

473 3198 670 3279 pensi
716 3199 871 3263 erat
917 3198 1337 3263 habendum.
1385 3197 1459 3263 Si
1506 3216 1690 3264 unus
1739 3199 1904 3264 ordo
1940 3199 2298 3264 hominum
2327 3199 2536 3264 alteri
2560 3199 2905 3265 obnoxius
2929 3198 3030 3280 fit,

477 3352 558 3362 —
593 3317 857 3382 etenim
889 3318 1017 3383 hoc
1039 3317 1389 3397 significat
1414 3318 1535 3383 illa
1559 3318 2056 3383 adhaerentiae
2082 3318 2390 3398 receptio
2429 3354 2490 3363 -
2530 3317 2596 3382 id
2623 3334 2763 3381 non
2789 3318 3033 3383 evenit

473 3435 857 3500 secundum
919 3435 1038 3516 jus
1108 3435 1457 3516 quoddam
1527 3437 1986 3516 abstractum,
2058 3436 2179 3501 sed
2247 3435 2645 3501 decernitur
2691 3436 3030 3519 potentia.

473 3552 656 3618 Num
693 3554 1065 3619 abhorreat
1111 3571 1153 3619 a
1194 3553 1374 3635 jure,
1427 3554 1605 3636 quod
1658 3558 1869 3619 antea
1917 3554 2076 3636 fuit,
2122 3554 2188 3619 id
2237 3571 2487 3637 parum
2535 3555 2771 3638 refert,
2820 3558 3032 3637 atque

474 3670 782 3753 profecto
853 3672 1139 3738 minime
1191 3674 1368 3738 hanc
1417 3674 1502 3739 ob
1552 3690 1836 3739 causam
1896 3673 1966 3738 in
2017 3674 2305 3738 dubium
2352 3673 2519 3740 licet
2564 3690 2815 3740 vocare
2862 3691 3031 3739 num

472 3790 926 3856 adhaerentia
997 3791 1148 3873 ipsa
1217 3808 1306 3856 ex
1377 3808 1453 3857 se
1525 3794 1682 3857 orta
1749 3791 1866 3874 sit,
1940 3791 2135 3858 nullo
2203 3792 2506 3873 appulsu
2575 3795 2905 3874 extern03
2960 3792 3031 3857 id

474 3909 757 3973 tantum
829 3909 1082 3989 agitur,
1156 3926 1329 3974 num
1398 3910 1459 3975 is
1529 3910 1716 3993 ordo,
1776 3910 1898 3991 qui
1945 3911 2154 3976 rebus
2202 3913 2502 3992 praeest,
2551 3910 2729 3976 satis
2775 3911 3033 3983 habeat

475 4026 853 4107 potentiae,
930 4030 1008 4091 ut
1075 4043 1158 4092 ea
1225 4027 1529 4109 evincat,
1607 4045 1784 4109 quae
1848 4045 1976 4107 suo
2016 4010 2382 4095 “commodo
2437 4028 2832 4094 necessaria
2879 4045 3032 4095 esse

475 4145 702 4225 putat.
777 4144 1031 4226 Quodsi
1104 4145 1307 4210 hodie
1379 4146 1604 4213 coloni
1663 4164 1802 4212 non
1852 4147 2095 4213 eodem
2145 4146 2347 4213 modo
2402 4147 2685 4213 obnoxii
2736 4149 2907 4212 sunt
2951 4164 3032 4212 ac

473 4263 702 4344 antea,
752 4262 960 4344 hujus
1009 4263 1109 4329 rei
1160 4280 1372 4328 causa
1420 4282 1559 4329 non
1608 4267 1780 4331 haec
1827 4267 1959 4347 est,
2009 4264 2190 4346 quod
2232 4281 2540 4347 pugnare
2566 4265 2850 4330 videtur
2873 4282 3031 4329 cum

466 4380 622 4461 jure
691 4380 944 4463 aliqum
997 4382 1117 4447 sed
1169 4382 1347 4462 quod
1399 4384 1460 4447 is
1508 4384 1697 4461 ordo,
1745 4384 1947 4465 cujus
1996 4385 2315 4465 interest,
2365 4400 2503 4449 non
2556 4383 2734 4448 satis
2780 4386 3034 4466 potens

476 4501 587 4564 est
656 4502 738 4563 ut
807 4500 1008 4581 plura
1082 4503 1521 4582 extorqueat.
1571 4499 1642 4565 Si
1691 4504 1949 4584 posset,
1998 4502 2157 4583 plus
2202 4502 2485 4567 faceret.
2536 4500 2688 4567 Hoc
2743 4504 3036 4583 apparet

477 4633 566 4682 ex
616 4619 824 4698 votiS,
878 4635 1055 4699 quae
1103 4636 1539 4700 possessores
1592 4620 2020 4701 eloquuntur
2074 4621 2146 4685 in
2187 4620 2631 4685 contionibus
2655 4621 2730 4685 et
2752 4620 3036 4702 scriptis

478 4735 647 4799 suis.
699 4735 830 4801 Hic
879 4737 1282 4818 postulatur
1338 4737 1574 4820 „nicht
1623 4755 1755 4802 nur
1801 4738 2195 4804 kriminelle
2236 4738 2658 4819 Bestrafung
2699 4738 2821 4804 des
2853 4739 3033 4805 Kon-

475 4854 973 4921 traktbruches
1049 4855 1191 4920 und
1269 4856 1387 4921 der
1451 4855 1868 4937 Verleitung
1917 4856 2162 4939 dazu”‚
2218 4857 2337 4923 sed
2387 4856 2605 4923 etiam
2666 4858 3033 4942 „obligato-
