3770 5738
1644 508 1819 574 25·

408 712 759 791 quatenus
829 709 1087 775 saltem
1158 726 1248 775 ex
1320 708 1700 775 colonabus
1772 725 1997 790 neque
2059 726 2147 774 ex
2190 706 2466 773 ancillis
2516 705 2668 771 nati
2719 706 2978 785 essent,

408 831 680 910 patrem
778 831 1268 909 sequerentur,
1342 827 1528 892 filiae
1617 830 1858 892 autem
1936 827 2006 891 in
2074 825 2356 909 praedio
2429 825 2879 889 remanerent
2904 818 2980 906 1).

409 946 667 1013 Contra
736 950 978 1012 tamen
1037 946 1173 1012 Leo
1241 948 1314 1010 et
1386 943 1692 1011 Severus
1739 963 1984 1010 rursus
2035 945 2561 1026 imperaverunt
2611 944 2692 1007 ut
2739 958 2981 1008 omnes

409 1066 606 1131 liberi
703 1065 887 1147 apud
959 1065 1319 1130 dominum
1386 1066 1855 1145 remanerent,
1928 1065 2205 1144 praeter
2275 1079 2515 1127 eorum
2581 1060 2982 1143 parentium

409 1184 524 1265 qui
567 1184 722 1265 jam
762 1186 927 1249 ante
977 1183 1157 1248 hanc
1196 1183 1783 1248 constitutionem
1810 1181 2338 1247 matrimonium
2358 1180 2885 1246 contraxissent
2911 1175 2992 1263 2),

409 1303 487 1368 In
535 1302 788 1368 eadem
835 1303 984 1383 lege
1035 1302 1253 1367 etiam
1302 1304 1599 1382 egerunt
1649 1301 1732 1367 de
1779 1300 2018 1366 liberis
2066 1317 2154 1365 ex
2201 1298 2594 1381 collegiatis
2624 1300 2699 1362 et
2722 1297 2984 1363 colonis

410 1421 596 1486 natis
644 1437 948 1502 quorum
1002 1419 1296 1501 antiqua
1351 1418 1700 1485 ordinatio
1748 1435 1961 1500 supra
2000 1417 2150 1499 jam
2197 1418 2510 1482 tractata
2556 1418 2669 1481 est
2695 1410 2766 1491 3).

500 1539 618 1604 Eis
691 1539 813 1620 qui
884 1542 1134 1621 sponte
1207 1537 1561 1604 colonatui
1634 1553 1710 1603 se
1787 1536 2132 1618 subjicere
2197 1535 2597 1613 voluerunt,
2656 1532 2981 1615 quoniam

411 1657 551 1723 tale
623 1657 794 1739 quid
865 1657 1273 1740 plerumque
1343 1656 1815 1722 moliebantur
1883 1658 1966 1720 ut
2036 1673 2078 1720 a
2146 1653 2587 1735 gravioribus
2657 1652 2987 1717 oneribus

410 1775 739 1843 liberatio
809 1776 1030 1858 fieret,
1101 1775 1141 1839 J
1149 1775 1549 1841 ustinianus
1612 1773 2011 1839 molestiam
2059 1772 2383 1838 exhibuit
2430 1789 2589 1837 cum
2635 1771 2989 1836 statueret

487 2078 526 2144 ι)
564 2077 719 2133 Now
755 2076 890 2145 Μεθ’.
927 2076 1058 2131 VII.
1098 2078 1147 2132 1.
1182 2078 1253 2144 ἐξ
1292 2077 1339 2131 1.
1379 2077 1443 2131 et
1477 2076 1528 2131 2.
1567 2075 1834 2132 Curiales
1871 2089 2089 2131 nervos
2124 2088 2257 2129 esse
2291 2072 2651 2142 reipublicae
2675 2085 2744 2127 ac
2763 2070 2992 2126 viscera

421 2166 758 2228 civitatum,
772 2164 979 2220 nullus
997 2164 1254 2232 ignorat.
1275 2163 1539 2231 Quorum
1559 2166 1799 2219 coetum
1814 2164 1977 2218 recte
1999 2161 2323 2231 appellavit
2341 2159 2678 2229 antiquitas
2695 2157 2989 2213 minorem

423 2254 729 2317 senatum,
784 2253 907 2307 huc
944 2251 1172 2320 redegit
1208 2252 1497 2320 iniquitas
1523 2250 1800 2319 judicum
1837 2252 2311 2318 exactorumque
2347 2247 2664 2315 plectenda
2700 2245 2994 2300 venalitas

422 2340 490 2395 ut
523 2338 708 2395 multi
746 2339 971 2408 patrias
1017 2338 1380 2405 deserentes,
1418 2338 1714 2393 natalium
1749 2336 2066 2406 splendore
2104 2335 2394 2405 neglectO,
2432 2334 2698 2389 occultas
2733 2333 2993 2388 latebras

423 2429 483 2482 et
519 2425 959 2483 habitationem
996 2426 1288 2494 elegerint
1316 2425 1474 2493 juris
1508 2424 1707 2485 alieni.
1741 2423 1892 2479 illud
1930 2438 2166 2492 quoque
2203 2422 2314 2478 sibi
2353 2420 2658 2476 dedecoris
2684 2419 2994 2487 addenteS,

425 2515 510 2583 ut,
574 2514 723 2569 dum
781 2514 869 2568 uti
916 2512 1132 2568 volunt
1181 2512 1530 2581 patrociniis
1565 2513 1887 2580 potentum
1920 2510 2123 2578 (coddz
2160 2509 2609 2579 impotentum),
2643 2507 2991 2563 colonatum

425 2615 490 2657 se
542 2600 1022 2669 ancillarumque
1079 2601 1502 2668 conjunctione
1554 2599 1895 2668 polluerint.
1956 2598 2167 2666 Itaque
2224 2597 2453 2652 factum
2491 2597 2601 2664 est,
2640 2599 2711 2651 ut
2746 2594 2994 2650 urbibus

425 2688 667 2745 ordines
702 2688 1041 2757 depen'rent
1077 2689 1140 2742 et
1174 2702 1355 2757 prope
1391 2686 1687 2743 libertatis
1723 2700 1869 2741 suae
1895 2686 2127 2742 statum
2147 2683 2425 2740 nonnulli
2442 2698 2548 2753 per
2570 2682 2990 2751 contagionem

426 2775 712 2832 consortii
765 2775 1080 2831 deterioris
1138 2774 1511 2830 amitterent.
1569 2775 1603 2842 ξ
1660 2775 1708 2829 1.
1756 2773 1922 2841 Quod
1972 2787 2047 2829 ne
2089 2771 2344 2828 ulterius
2382 2771 2572 2840 possit
2606 2770 2798 2835 licere,
2835 2767 2993 2823 salu·

425 2863 685 2920 berrima
734 2862 866 2932 lege
918 2861 1244 2928 sancimus,
1292 2862 1647 2930 praeteritae
1683 2860 2193 2932 praesumptionis
2228 2858 2593 2929 supplicium
2631 2855 2994 2924 relaxantes,

428 2953 499 3007 ut
553 2951 787 3021 praeter
836 2950 986 3018 illoS,
1032 2950 1135 3018 qui
1189 2949 1413 3018 patrias
1450 2964 1593 3005 suas
1629 2948 1831 3017 aliqua
1867 2962 2195 3004 munerum
2232 2947 2548 3002 collatione
2578 2945 2891 3013 Juverunt,
2926 2957 2995 2998 ac

427 3039 739 3107 propterea
776 3036 943 3092 nulla
978 3036 1288 3092 ordinibus
1308 3037 1795 3106 praesumptione
1816 3036 2165 3105 depereunt,
2186 3035 2549 3102 ubicumque
2567 3032 2729 3088 intra
2744 3030 2997 3099 triginta

429 3124 649 3180 abhinc
704 3127 863 3180 retro
914 3138 1108 3179 annos
1153 3123 1387 3179 inventi
1426 3123 1652 3180 fuerint
1691 3124 1965 3194 curiales,
2001 3122 2344 3178 constrictis
2380 3119 2865 3192 procuratoribus
2901 3116 2995 3173 vel

432 3210 899 3266 conductoribus
934 3210 1332 3281 praediorum,
1372 3211 1749 3279 dominisque
1779 3210 2096 3265 conventis
2115 3210 2189 3265 ad
2215 3210 2410 3276 urbes,
2431 3222 2582 3277 quas
2604 3204 3001 3262 deseruerant

434 3312 574 3352 cum
613 3298 903 3353 uxoribus
939 3296 1311 3353 reducantur
1342 3297 1522 3366 (quod
1542 3298 1848 3366 ingratum
1873 3311 2005 3352 esse
2026 3311 2306 3365 agrorum
2328 3295 2589 3352 dominis
2607 3308 2728 3349 non
2747 3292 2997 3361 oportet,

437 3399 576 3439 curn
637 3384 953 3440 debuerint
1012 3399 1202 3453 poena
1258 3385 1556 3440 severiore
1608 3384 1885 3453 percelli),
1922 3384 2212 3440 amittant
2246 3383 2551 3452 mulieres,
2588 3396 2739 3450 quas
2771 3379 2999 3435 illicitis

439 3472 751 3527 consortiis
780 3471 1028 3539 J‘unctas
1065 3485 1196 3527 esse
1233 3474 1553 3528 noverunt.
1590 3474 1625 3539 ἓ
1661 3473 1714 3526 2.
1748 3474 1803 3527 A
1841 3486 1960 3540 quo
1999 3472 2332 3527 constituto
2357 3485 2468 3526 nec
2489 3469 2738 3525 domum
2758 3461 3001 3523 nostrae

438 3558 784 3614 serenitatis
840 3558 1197 3627 excipimus,
1251 3574 1509 3628 quorum
1564 3559 1909 3629 progeniem
1948 3559 2033 3614 ita
2069 3558 2452 3614 dividendam
2489 3571 2623 3612 esse
2659 3569 2998 3622 censemus,

442 3647 511 3700 ut
547 3647 842 3714 quotquot
876 3644 1105 3700 fuerint
1137 3646 1460 3701 masculini
1497 3660 1686 3701 sexus
1722 3644 1846 3716 filii,
1882 3647 2115 3715 patrem
2147 3646 2496 3714 sequantur,
2514 3643 2756 3699 feminis
2774 3642 2999 3711 praedii

441 3732 681 3789 domino
716 3732 1153 3802 relinquendis;
1183 3733 1285 3789 illa
1321 3733 1677 3789 discretione
1714 3735 1973 3802 servata,
2014 3734 2100 3802 ut,
2136 3733 2186 3788 si
2222 3746 2299 3787 ex
2337 3731 2665 3787 colonabus
2702 3729 2830 3785 nati
2858 3730 3000 3796 sint,

442 3821 639 3875 curiae
691 3820 1055 3887 inserantur,
1107 3820 1158 3876 si
1217 3819 1587 3898 ex—ancillis
1639 3820 1803 3887 editi,
1859 3820 2125 3889 collegiis
2180 3819 2565 3888 deputentur,
2615 3831 2691 3872 ne
2739 3817 2997 3872 materni

443 3906 753 3976 sanguinis
789 3906 1023 3962 vilitate
1058 3907 1340 3976 splendor
1375 3907 1601 3963 ordinis
1634 3907 1955 3977 polluatur.

513 3994 553 4063 ²)
606 3993 753 4049 Nov.
808 3994 942 4050 Sev.
982 3994 1058 4050 11.
1098 3994 1248 4051 Cum
1284 4009 1389 4064 per
1423 3995 1625 4050 virum
1660 3994 1963 4050 illustrem
2000 3994 2343 4050 Ausonium
2380 3992 2738 4048 cunctorum
2776 3990 2851 4046 ad
2889 4004 3001 4046 nos

443 4080 901 4150 provincialium
974 4083 1217 4151 querela
1285 4082 1578 4153 pervenit,
1642 4096 1730 4150 ee,
1776 4082 1935 4151 quod
1962 4123 2108 4138 .....
2164 4080 2398 4149 aliaque
2457 4092 2701 4149 corpora
2746 4078 3001 4146 publicis

443 4168 742 4237 obsequiis
778 4168 1067 4237 deputata
1099 4169 1480 4238 quorundam
1516 4184 1580 4225 se
1617 4168 1844 4225 colonis
1879 4169 1975 4225 vel
2010 4167 2254 4225 famulis
2289 4166 2709 4237 ignorantibus
2744 4165 3003 4220 dominis

443 4256 790 4324 sociassent,
845 4258 911 4311 et
965 4271 1128 4312 nunc
1187 4257 1301 4312 sub
1369 4256 1564 4325 specie
1617 4257 1895 4326 publicae
1932 4255 2364 4325 corporationis
2410 4254 2751 4324 procreatos
2786 4252 3003 4308 liberos

445 4345 740 4399 conantur
767 4344 917 4412 jugo
954 4333 1266 4400 servitutis
1302 4344 1626 4413 absolvere,
1661 4344 1880 4400 idcirco
1917 4345 2208 4412 agnoscat
2243 4341 2520 4398 sublimis
2555 4340 3006 4410 magnificentia

448 4432 569 4499 tua,
626 4430 803 4487 divali
862 4445 972 4486 nos
1028 4431 1089 4487 in
1148 4433 1466 4488 aeternum
1519 4431 1651 4500 lege
1699 4431 1996 4501 sanxisse,
2035 4431 2085 4487 si
2122 4431 2224 4499 qui
2262 4430 2355 4485 vel
2392 4443 2512 4497 qua
2543 4443 2620 4483 ex
2659 4427 3003 4497 corporibus

447 4518 699 4587 publicis
750 4518 847 4574 vel
901 4533 979 4574 ex
1037 4519 1369 4589 corporatis
1424 4519 1592 4574 urbis
1652 4518 1876 4574 Romae
1914 4518 2107 4574 servis
2145 4515 2239 4571 vel
2277 4515 2505 4571 colonis
2540 4530 2604 4570 se
2642 4514 3005 4570 crediderint

450 4605 831 4676 copulandos,
866 4606 1251 4674 agnationem
1287 4620 1497 4661 eorum
1536 4605 1612 4660 ad
1637 4619 1741 4661 eos
1764 4605 2040 4661 dominos
2058 4603 2374 4674 pertinere,
2392 4617 2649 4671 quorum
2667 4601 3003 4670 inquilinus

450 4692 836 4748 vel-colonus
862 4691 1049 4748 fuisse
1095 4692 1452 4763 constiterit,
1498 4690 1768 4762 exceptis
1804 4691 1897 4761 iis,
1931 4692 2033 4761 qui
2069 4691 2212 4747 ante
2247 4704 2382 4745 eam
2416 4688 2613 4758 legem
2645 4703 2766 4745 non
2802 4688 3004 4744 taliter

454 4777 634 4835 latam
669 4793 805 4835 sese
833 4779 1117 4847 junxisse
1154 4780 1509 4835 noscuntur.

525 4863 563 4927 ⁸)
597 4865 738 4935 Ρη.
775 4866 859 4922 17.
895 4869 959 4922 et
994 4866 1057 4921 L.
1097 4867 1142 4922 1.
1181 4866 1242 4922 o,
1279 4865 1386 4922 Th.
1425 4865 1564 4921 ΧΠ.
1604 4866 1689 4921 19.
