3770 5738
2027 463 2109 527 18

875 663 937 727 5.
1011 662 1108 728 De
1179 663 1579 729 condicione
1656 663 2030 728 liberorum
2103 681 2192 728 ex
2262 638 2641 728 colonabus
2699 667 2773 729 et
2818 664 3046 730 servis
3093 665 3204 759 vel
3252 683 3340 730 ex
3391 654 3404 669 '

782 779 1046 845 colonis
1094 784 1166 846 61
1214 781 1488 846 66611116
1535 783 1863 846 1161011116
1913 781 2086 846 nihil
2133 781 2333 846 nobis
2388 784 2500 846 est
2549 782 2914 848 traditum.
2945 782 3078 864 Qui
3102 785 3342 849 autem

781 913 871 962 ex
940 892 1408 979 adscripticiis
1481 884 1892 964 mulieribus
1940 901 2013 964 et
2061 899 2306 987 servis·
2337 898 2448 965 vel
2493 898 2962 981 adscripticiis
3014 896 3108 965 et'
3135 901 3341 966 ancil·

781 1014 868 1079 lis
924 1016 1075 1080 nati
1121 1020 1345 1100 erant,
1396 1034 1515 1083 606
1564 1016 1826 1083 66111166
1869 1017 2343 1082 6061116106616
2398 1021 2793 1083 maternam
2838 1021 3122 1084 secutos
3167 1035 3341 1100 esse,

780 1134 1034 1199 saltem
1082 1138 1244 1216 post
1289 1153 1555 1201 annum
1604 1131 1833 1217 530¹).

871 1254 933 1317 6.
1001 1252 1129 1334 Qui
1198 1270 1236 1318 e
1289 1253 1749 1336 matrimoniO,
1798 1254 1979 1335 quod
2030 1254 2386 1320 contraxit
2435 1254 2809 1335 originaria
2856 1272 3017 1320 cum
3064 1255 3345 1321 homine

781 1369 997 1435 libero
1070 1370 1183 1436 vel
1231 1372 1554 1455 ingenuo,
1602 1374 1808 1437 erant
1857 1372 2031 1454 nati,
2056 1360 2354 1441 'statum
2402 1374 2801 1438 maternum
2849 1375 3344 1455 sequebantur,

781 1491 983 1553 erant
1053 1490 1269 1570 igitur
1331 1490 1484 1572 ejus
1546 1491 1807 1555 domini
1873 1494 1948 1555 et
1991 1491 2078 1555 ab
2124 1491 2254 1556 hoc
2300 1491 2788 1572 undecumque
2837 1492 3106 1573 reposci
3156 1495 3345 1574 pote·

779 1611 944 1673 rant
970 1604 1039 1685 2).
1114 1608 1290 1689 Quid
1365 1609 1634 1674 factum
1704 1610 1802 1675 sit
1871 1610 1957 1674 de
2031 1610 2133 1675 eis
2200 1610 2317 1691 qui
2367 1627 2456 1675 ex
2503 1609 2877 1691 originario
2926 1613 3000 1675 et
3051 1611 3347 1676 muliere

779 1725 997 1791 libera
1084 1730 1287 1793 erant
1360 1728 1534 1811 nati,
1606 1745 1955 1809 nusquam
2027 1729 2512 1810 comperimus
2587 1728 2754 1793 Veri
2831 1731 3072 1794 autem
3135 1729 3346 1795 simil-

779 1844 1025 1910 limum
1096 1846 1377 1911 videtur
1450 1847 1533 1912 de
1608 1848 1707 1912 eis
1775 1847 2053 1912 easdem
2127 1847 2361 1912 varias
2434 1846 2713 1927 regulas
2776 1847 3083 1912 valuisse
3128 1864 3211 1912 66
3259 1848 3347 1913 de

779 1964 1245 2047 adscripticiis
1333 1965 1519 2042 (vide
1604 1965 1809 2042 infra)
1887 1965 2302 2046 quibuscum
2384 1965 2456 2031 in
2538 1965 3047 2031 constitutione
3128 1965 3168 2030 J
3176 1966 3347 2031 usti·

777 2082 972 2147 niani
1037 2083 1121 2148 de
1184 2083 1653 2165 adscripticiis
1717 2086 1790 2148 et
1853 2083 2117 2149 colonis
2183 2100 2323 2149 uno
2389 2086 2633 2150 tenore
2684 2088 3345 2150 commemorantur.

782 2199 903 2282 (Cf.
955 2201 1173 2299 etiam
1220 2219 1285 2284 p.
1338 2200 1477 2285 26.)
2433 2172 2444 2185 ⁶

872 2319 1065 2401 Quod
1138 2322 1382 2386 autem
1448 2320 1714 2386 attinet
1782 2321 1870 2385 ad
1938 2321 2544 2403 adscripticiorum
2615 2321 3085 2404 matrimonia,
3133 2338 3345 2403 saepe

777 2438 1229 2504 renuntiatur
1298 2456 1440 2521 606,
1508 2439 1626 2521 qui
1664 2456 1752 2504 ex
1790 2439 2238 2521 adscripticia
2291 2444 2365 2506 et
2411 2441 2564 2506 viro
2611 2440 2830 2506 libero
2876 2442 3117 2506 essent
3163 2441 3345 2527 nati,

776 2557 1263 2638 adscripticios
1332 2574 1485 2623 esse
1511 2552 1582 2641 ³),
1658 2561 1732 2623 et
1801 2563 2097 2641 apparet
2165 2560 2294 2625 hoc
2341 2576 2616 2659 semper
2678 2559 3006 2625 valuisse.
3080 2558 3345 2625 Variae

773 2815 1122 2885 praescripti
1156 2815 1446 2885 temporis
1482 2816 1812 2872 terminum
1850 2815 2155 2874 natalibus
2174 2818 2301 2874 suis
2324 2817 2577 2887 urbique
2613 2816 2950 2888 reddiderit,
2972 2816 3077 2873 illa
3092 2816 3346 2886 quidem

772 2904 974 2960 curiae
1027 2903 1403 2959 restituenda
1459 2907 1775 2960 revocetur
1805 2922 1921 2960 ...·.
1948 2923 1996 2973 .;
2047 2905 2148 2961 ille
2204 2920 2363 2977 vere,
2424 2906 2476 2961 si
2514 2905 2872 2974 originarius
2911 2905 3042 2974 6111,
3081 2905 3184 2973 qui
3222 2905 3345 2962 sibi

770 2991 995 3047 trustra
1028 3006 1095 3046 ac
1134 2994 1361 3047 temere
1398 2993 1596 3048 mariti
1636 3006 1857 3048 nomen
1896 2995 2105 3048 contra
2139 2993 2532 3049 interdictum
2571 2992 2722 3062 legis
2752 2992 3052 3059 indiderit,
3071 2992 3348 3062 collegiis

772 3078 1170 3134 nihilominus
1206 3078 1549 3150 deputetur,
1586 3081 1636 3134 si
1675 3079 1960 3151 famulus,
1996 3081 2314 3137 servilibus
2348 3081 2557 3150 poenis
2592 3080 2840 3150 peribit:

843 3166 881 3234 ¹)
920 3167 981 3222 L.
1016 3167 1103 3222 21.
1142 3168 1176 3234 ξ
1212 3169 1262 3222 1.
1299 3167 1365 3223 C.
1394 3166 1451 3222 J.
1486 3167 1595 3223 XI.
1630 3168 1715 3223 48.
1754 3168 1816 3223 si
1854 3169 1991 3237 quis
2027 3170 2232 3224 autem
2271 3168 2367 3223 vel
2402 3183 2481 3224 ex
2517 3182 2691 3223 servo
2727 3169 2791 3222 et
2825 3167 3218 3236 adscripticia,
3242 3167 3350 3223 vel

769 3250 987 3310 6661116
1021 3257 1085 3310 61
1116 3255 1494 3324 adscripticio
1529 3255 1714 3311 fuerit
1747 3255 1966 3324 editus,
1992 3257 2206 3311 matris
2243 3270 2389 3312 suae
2408 3257 2688 3311 ventrem
2707 3256 3010 3323 sequatur'
3016 3256 3081 3310 et
3098 3254 3239 3310 talis
3260 3255 3353 3314 sit

769 3342 1152 3412 condicionis,
1206 3342 1401 3411 qualis
1453 3344 1516 3399 et
1564 3343 1842 3411 genetrix
1895 3341 2028 3413 fuit,
2082 3344 2209 3398 sive
2265 3342 2485 3399 6661116
2537 3342 2666 3398 sive
2720 3342 3126 3412 adscripticia:
3178 3342 3346 3410 quod

768 3430 1067 3485 hactenus
1101 3430 1165 3485 in
1201 3429 1404 3485 liberis
1438 3431 1682 3485 tantum
1718 3430 1782 3485 et
1814 3429 1878 3485 in
1916 3431 2107 3485 servis
2143 3430 2588 3486 observabatur.

839 3518 881 3587 ¹)
919 3517 978 3572 L.
1010 3518 1057 3573 1.
1091 3519 1125 3585 ἓ
1147 3518 1198 3573 4.
1219 3516 1279 3574 C.
1301 3517 1409 3573 Th.
1429 3516 1500 3574 V.
1522 3518 1607 3573 10.
1630 3517 1795 3585 Quod
1814 3518 2006 3573 sinon
2030 3518 2105 3573 611
2129 3517 2396 3573 alienum
2420 3517 2748 3588 praedium,
2772 3516 2877 3572 sed
2899 3517 3349 3585 cujuscumque

767 3605 936 3660 liberi
989 3605 1253 3660 hominis
1306 3620 1375 3661 66
1436 3606 1529 3660 6111
1578 3606 1736 3674 juris
1790 3606 2001 3661 secuta
2049 3606 2436 3675 consortium,
2473 3604 2535 3660 in
2575 3604 2825 3659 urbibus
2861 3603 2957 3659 vel
2994 3604 3056 3659 in
3096 3604 3350 3672 quibus·

768 3707 1028 3761 cumque
1081 3692 1228 3748 locis
1285 3692 1524 3748 victura
1581 3693 1858 3748 consistit
1910 3701 2016 3754 (66.
2054 3692 2413 3761 originaria),
2451 3692 2501 3748 61
2538 3692 2715 3747 160110
2751 3691 2914 3748 16116
2950 3691 3349 3760 praefinitum

768 3781 1009 3848 tempus
1044 3779 1103 3848 (i.
1140 3794 1191 3835 e.
1229 3779 1352 3835 XX
1389 3783 1604 3847 66606)
1642 3781 1992 3849 reposcitur,
2029 3781 2162 3848 eJus
2193 3794 2437 3835 omnem
2463 3780 2755 3849 originem
2775 3779 3113 3834 secundum
3134 3780 3352 3835 vetera

767 3867 1102 3922 constituta
1137 3867 1456 3923 conveniet
1490 3869 1771 3923 revocari.
1802 3899 1854 3908 —
1882 3869 1946 3923 L.
1969 3869 2022 3922 4.
2049 3867 2108 3923 C.
2130 3867 2182 3923 J.
2203 3867 2311 3923 XI.
2329 3867 2415 3923 68.
2435 3868 2525 3923 Ex
2544 3868 2809 3936 ingenuo
2827 3867 2891 3921 et
2911 3865 3140 3921 colonis
3158 3866 3347 3922 ancil·

765 3954 958 4023 lisque
1019 3955 1245 4010 nostris
1300 3956 1475 4011 natos
1533 3956 1785 4012 natasve
1839 3955 2071 4027 origini,
2126 3971 2205 4012 ex
2257 3970 2377 4024 qua
2429 3956 2656 4011 matres
2707 3969 2917 4009 eorum
2954 3954 3119 4024 61161,
3156 3953 3350 4010 facies

768 4041 1060 4111 deputari.

837 4129 878 4198 ⁸)
915 4130 979 4185 L.
1014 4131 1099 4198 21,
1135 4129 1196 4186 G.
1233 4130 1286 4185 J.
1323 4129 1434 4186 XI.
1469 4130 1557 4186 48.
1595 4129 1685 4185 Ne
1722 4130 1955 4186 diutius
1995 4129 2322 4200 dubitetur,
2346 4130 2398 4185 si
2428 4129 2566 4198 quis
2595 4143 2673 4184 ex
2692 4129 3072 4199 adscripticia
3086 4131 3141 4184 et
3161 4127 3347 4184 libero
3370 4193 3394 4218 0

763 4216 851 4274 vel
885 4219 1352 4294 aladscripticia
1367 4219 1431 4275 et
1448 4232 1621 4274 servo
1638 4217 1733 4273 vel
1752 4217 2132 4287 adscripticio
2150 4221 2214 4272 et
2232 4216 2451 4272 ancilla
2468 4217 2685 4272 fuisset
2703 4217 2922 4287 editus,
2940 4217 3034 4285 cuj
3042 4231 3116 4271 us
3134 4217 3348 4273 status

656 4331 669 4346 ·
766 4305 862 4374 sit,
914 4305 1009 4360 vel
1048 4319 1212 4374 quae
1258 4305 1424 4375 pejor
1459 4305 1703 4362 fortuna
1738 4305 1834 4373 sit,
1872 4295 2164 4360 utrum'ne
2201 4304 2584 4374 adscripticia
2618 4320 2696 4360 66
2734 4304 2989 4374 servilis,
3025 4304 3349 4360 sancimus

766 4406 837 4447 ea
872 4392 1134 4464 quidem,
1171 4407 1324 4461 quae
1358 4393 1421 4448 in
1460 4392 1863 4449 anterioribus
1899 4393 2134 4462 legibus
2171 4393 2351 4448 661116
2385 4395 2535 4448 sunt
2568 4407 2675 4463 pro
2707 4391 2812 4448 tali
2845 4391 3145 4462 progenie,
3169 4405 3345 4459 quae

765 4494 842 4535 ex
878 4480 1234 4536 mulieribus
1259 4480 1651 4550 adscripticiis
1685 4481 1749 4535 et
1783 4480 1929 4535 viris
1963 4479 2165 4535 liberis
2200 4481 2514 4549 progenita
2544 4479 2640 4549 sit,
2654 4480 2717 4535 in
2743 4494 2854 4535 suo
2872 4481 3038 4535 statu
3058 4478 3348 4550 relinqui,

766 4570 830 4624 et
864 4568 945 4623 sit
979 4568 1360 4638 adscripticia
1395 4569 1591 4638 proles
1627 4582 1704 4624 ex
1723 4568 1828 4623 tali
1859 4567 2248 4637 copulatione
2263 4569 2587 4636 procreata.
2616 4599 2669 4607 —
2696 4568 2770 4623 In
2790 4567 3049 4623 editione
3068 4565 3344 4635 Kruege·

765 4655 933 4711 riana
978 4656 1176 4726 verba,
1225 4669 1378 4724 quae
1435 4654 1625 4713 literis
1660 4655 1916 4710 cursivis
1951 4655 2179 4725 scripsi,
2216 4655 2464 4723 desunt3
2501 4655 2722 4710 extant
2755 4633 3014 4710 tantum'
3036 4654 3098 4709 16
3123 4655 3348 4723 paucis

764 4743 1083 4810 codicibu8‚
1121 4743 1227 4798 sed
1263 4742 1509 4799 omnino
1548 4742 1887 4798 necessaria
1921 4744 2085 4813 sunt,
2121 4742 2407 4811 quoniam
2438 4725 2610 4798 hisce
2633 4742 2956 4811 expunctis
2988 4741 3089 4797 lex
3117 4733 3360 4812 aptum·

764 4844 1017 4887 censum
1068 4845 1190 4896 606
1239 4831 1502 4900 praebet.
1557 4861 1609 4904 ··.
1671 4829 1734 4886 L.
1780 4830 1868 4885 24.
1915 4829 1976 4885 C.
2020 4829 2072 4887 J.
2110 4830 2221 4904 XI.
2259 4830 2330 4886 48
2349 4869 2504 4888 .....
2540 4829 2643 4886 1110
2677 4830 2883 4900 procul
2921 4830 3102 4886 dubio
3136 4830 3345 4886 obser-
