3770 5738
1695 485 1822 549 137

476 682 787 795 quadam‘
819 680 1087 746 diurna.
1138 681 1290 746 Hae
1341 699 1613 763 quoque
1660 683 1929 763 multiS‚
1976 683 2097 763 qui
2136 700 2296 748 rure
2321 683 2734 767 effugerant,
2761 685 3029 766 copiam

476 799 733 865 dabant
787 801 980 865 vitae
1031 801 1317 882 otiosae,
1368 800 1535 866 licet
1586 805 1778 866 esset
1827 818 2046 882 egena
2072 797 2142 882 ¹),
2189 803 2641 883 peragendae.

562 918 639 982 In
710 917 869 983 aliis
917 935 1189 1000 quoque
1237 918 1511 999 magnis
1557 919 1849 984 urbibus
1901 919 2174 999 imperii
2219 919 2461 985 eadem
2510 920 2653 985 fere
2694 921 3029 1006 instituta

363 1075 372 1081 -
476 1037 826 1117 vigebant.
902 1036 1433 1115 Constantinus,
1504 1040 1877 1118 postquam
1926 1036 2140 1102 semel
2189 1038 2433 1102 urbem
2481 1055 2523 1101 a
2576 1056 2701 1103 suo
2750 1039 3028 1103 nomine

472 1155 895 1237 appellatam
966 1155 1302 1237 condidit,
1367 1157 1821 1221 vehementer
1867 1156 2139 1236 cupivit
2186 1173 2339 1221 eam
2390 1156 2649 1221 Romae
2695 1158 3028 1237 antiquae

471 1273 957 1354 aequiparare;
999 1274 1322 1338 nativum
1366 1274 1879 1339 incrementum
1928 1274 1991 1338 ei
2038 1291 2177 1339 non
2225 1273 2593 1356 satisfecit,
2645 1251 2855 1339 nimis
2892 1269 3027 1339 tar·

474 1392 639 1456 dum
686 1390 1080 1456 videbatur.
1139 1391 1316 1475 „Der
1365 1408 1582 1471 ganze
1629 1409 1872 1472 grosze
1920 1392 2242 1473 Apparat
2291 1393 2413 1457 der
2460 1393 2530 1457 in
2581 1392 2753 1458 Rom
2776 1393 3028 1458 alther-

471 1510 890 1591 gebrachten
916 1509 1637 1591 Wirtschaftspolitik
1663 1511 1797 1574 mit
1820 1510 2060 1576 seinen
2086 1511 2566 1576 ordentlichen
2596 1512 2734 1576 und
2761 1529 3027 1592 ausser-

473 1627 1325 1709 ordentlichen'Spenden
1374 1646 1464 1693 an
1517 1629 1720 1710 Brod,
1772 1627 2064 1710 Flei'sch,
2117 1628 2348 1711 Wein,
2386 1611 2465 1694 (51
2490 1647 2556 1694 u.
2584 1648 2640 1694 s.
2669 1648 2756 1693 w.
2787 1631 3026 1696 wurde

342 1813 352 1821 ,
473 1746 744 1849 alsbald
815 1747 994 1811 auch
1066 1747 1215 1812 hier
1285 1746 1357 1811 in
1426 1747 1827 1827 Bewegung
1894 1747 2191 1828 gesetzt‚
2263 1765 2384 1812 um
2455 1765 2531 1812 so
2608 1748 2872 1813 schnell
2923 1749 3028 1813 als

472 1865 770 1946 moglich
841 1865 1232 1931 zahlreiche
1305 1865 1960 1930 Ansiedlermassen
2033 1865 2609 1931 herbeizulocken
2678 1867 2823 1931 und
2872 1867 3025 1932 dem

477 1983 710 2070 Thron·
769 1983 949 2047 auch
1019 1983 1089 2046 in
1166 1983 1286 2048 der
1355 2000 1584 2048 neuen
1632 1983 2179 2049 Residenzstadt
2225 1985 2296 2048 in
2346 1985 2478 2049 den
2527 1984 3025 2065 Huldigungen

473 2101 663 2165 einer
731 2117 1021 2182 groszen
1094 2100 1565 2183 Volksmenge
1637 2102 1791 2166 eine
1860 2102 2243 2183 glanzende
2291 2101 2483 2167 Folie
2527 2120 2617 2167 zu
2663 2103 2926 2183 geben’'
2955 2100 3027 2179 2).

473 2218 627 2283 Η66
696 2235 968 2300 quoque
1039 2219 1256 2299 igitur
1328 2236 1654 2300 agrorum
1704 2220 2138 2286 habitatores
2192 2221 2701 2287 alliciebantur.
2751 2220 3027 2286 Scimus

472 2337 685 2402 etiam
754 2336 1171 2402 Antiochiae
1220 2340 1293 2402 et
1362 2337 1832 2404 Alexandriae
1908 2356 2249 2421 pauperes
2324 2341 2584 2420 partim
2629 2341 3028 2420 sumptibus

474 2456 573 2521 rei
641 2456 960 2536 publicae
1031 2443 1215 2521 altos
1286 2473 1460 2538 esse,
1540 2458 1735 2541 „eine
1806 2457 2360 2540 Begiinstigung,
2424 2442 2647 2523 'deren
2701 2458 3026 2539 einseitig

475 2574 879 2655 politischer
945 2573 1330 2640 Charakter
1377 2578 1591 2641 schon
1638 2576 1834 2641 darin
1882 2594 2045 2641 zum
2095 2577 2471 2642 Ausdruck
2520 2577 2813 2659 kommt,
2866 2576 3027 2642 dass

474 2692 574 2757 sie
620 2709 746 2756 zur
792 2691 1024 2757 Strafe
1071 2692 1182 2758 fiir
1228 2693 1548 2776 illoyales
1600 2693 1991 2759 Verhalten
2043 2695 2302 2759 wieder
2349 2695 3026 2775 zuruckgenommen

474 2810 752 2877 werden
825 2810 1136 2877 konnte”
1166 2806 1238 2895 ³).
1328 2811 1698 2878 Praeterea
1745 2813 2000 2896 ubique
2048 2812 2211 2895 fere,
2261 2814 2477 2879 etiam'
2525 2814 2595 2878 in
2643 2814 3029 2879 minoribus

474 2931 764 3013 oppidiS,
813 2932 1212 3012 sumptibus
1260 2933 1779 3014 magistratum,
1808 2933 2153 3015 imprimis
2180 2933 2569 3016 curialium,
2594 2933 3029 2999 frumentum

474 3067 688 3131 parvo
744 3051 968 3131 pretio
1020 3051 1309 3116 venibat
1336 3047 1407 3127 4).

563 3167 739 3249 Quid
812 3167 961 3233 ludi
1026 3171 1099 3234 et
1162 3170 1310 3234 dies
1356 3169 1522 3234 festi
1571 3169 1927 3235 valuerint
1974 3171 2057 3235 ad
2108 3172 2293 3236 ruris
2341 3171 2649 3238 cultores
2696 3172 2767 3235 in
2819 3172 3030 3235 urbes

476 3285 903 3369 alliciendos,
953 3303 1158 3368 saepe
1198 3287 1345 3368 jam
1393 3287 1953 3353 demonstratum
2009 3290 2139 3353 est.
2189 3287 2283 3352 Hi
2332 3305 2604 3369 quoque
2635 3305 2773 3353 non
2799 3288 3029 3353 solum

544 3443 584 3513 ¹)
621 3444 705 3498 De
754 3445 1098 3499 condicione
1148 3446 1362 3500 horum
1406 3446 1786 3515 „clientium”
1825 3446 1959 3501 vide
1996 3446 2134 3500 Juv.
2170 3446 2215 3501 I.
2251 3446 2319 3500 95
2358 3461 2442 3514 sq,
2483 3447 2582 3501 119
2619 3462 2686 3515 sq
2701 3462 2715 3513 ;
2754 3446 2862 3501 ΙΙΙ.
2902 3447 3028 3514 1253

475 3529 542 3585 V.
583 3532 677 3600 11;
714 3531 885 3586 Mart.
922 3531 1028 3586 ΙΙΙ.
1057 3532 1142 3597 30,
1178 3531 1264 3586 38.
1289 3532 1901 3601 Columellaloquitur
1921 3534 1993 3588 de
2017 3534 2402 3601 „mercenarii
2422 3533 2770 3589 salutatoris
2791 3534 3027 3588 menda·

473 3616 713 3674 cissimo
769 3619 1025 3688 aucupio
1085 3619 1627 3674 circumvolitantis
1664 3620 1874 3675 limina
1913 3620 2377 3689 potentiorum.”
2418 3620 2597 3688 praef.
2635 3620 2680 3675 I.
2716 3621 2856 3675 9.12.
2893 3620 3025 3685 (loci
3085 3688 3095 3699 ³

469 3704 796 3760 laudantur
831 3720 867 3761 a
900 3706 1026 3761 viro
1064 3706 1137 3761 61.
1173 3706 1545 3776 Ponticam«,
1580 3707 1671 3762 1.6.
1707 3722 1760 3776 p.
1799 3707 1909 3775 41).

541 3793 581 3860 ¹)
618 3792 993 3862 Pontiumr,
1027 3807 1081 3861 p.
1119 3794 1205 3863 55,
1243 3793 1344 3848 ubi
1382 3794 1517 3849 vide
1553 3793 1733 3849 16606.

541 3879 582 3945 ⁸)
617 3879 754 3934 ibid.
792 3893 846 3947 p.
883 3879 968 3934 57.

539 3966 580 4035 ⁴)
619 3965 701 4021 De
756 3966 1110 4021 muneribus
1162 3966 1477 4022 curialium
1532 3967 1666 4022 vide
1719 3966 1936 4037 Kumv,
1973 3968 2018 4023 Ι.
2056 3983 2108 4036 p.
2148 3968 2264 4035 106,
2302 3968 2437 4022 adn.
2473 3967 2579 4023 770
2592 3983 2607 4036 ;
2643 3982 2699 4036 p.
2738 3969 2853 4036 116,
2891 3968 3027 4022 adn.

468 4052 600 4119 880;
653 4067 709 4121 p.
753 4052 860 4107 249
894 4067 1019 4122 sqq.
1065 4084 1117 4092 —
1163 4052 1244 4107 Of.
1283 4054 1651 4122 Riivumu‘r,
1689 4054 1882 4109 Etude
1918 4070 2025 4109 sur
2060 4054 2094 4109 l’
2131 4055 2376 4110 histoire
2414 4055 2494 4109 du
2532 4054 2783 4109 colonat.
2824 4055 3027 4109 Revue

472 4139 612 4194 hist.
646 4140 719 4195 de
756 4140 915 4195 droit
945 4140 1129 4210 franc.
1168 4140 1257 4196 III
1295 4141 1493 4209 (1857).
1528 4156 1583 4210 p.
1620 4143 1741 4196 213.
1779 4142 1892 4196 Les
1930 4143 2239 4198 habitante
2275 4142 2381 4197 des
2416 4156 2777 4210 campagnes
2801 4142 3030 4196 etaient

471 4227 680 4282 attires
735 4227 887 4282 dans
930 4227 1019 4283 les
1057 4227 1229 4282 villes
1266 4243 1370 4297 par
1406 4228 1463 4283 la
1498 4229 1895 4284 constitution
1933 4232 2129 4287 meme
2167 4230 2247 4284 du
2284 4229 2509 4297 regime
2546 4229 2888 4298 municipal‚
2925 4230 3027 4297 qui

470 4313 689 4384 placait
723 4329 800 4369 au
839 4315 1092 4371 chessieu
1133 4316 1271 4370 tous
1306 4315 1395 4371 les
1430 4318 1760 4384 avantages
1796 4317 1868 4371 de
1906 4316 1964 4373 la
1998 4317 2132 4381 cite,
2169 4331 2275 4385 par
2311 4316 2547 4385 l'espoir
2583 4316 2679 4384 d’y
2718 4316 2883 4370 vivre
2902 4330 3027 4370 aux

472 4401 695 4470 depene
729 4402 834 4457 des
870 4402 1068 4457 riches
1107 4404 1169 4457 et
1206 4402 1285 4457 du
1326 4405 1518 4458 tresor
1554 4402 1769 4471 public,
1808 4404 1972 4459 enfin
2008 4419 2114 4473 par
2150 4404 2209 4459 la
2243 4403 2458 4459 misere
2485 4403 2556 4458 de
2575 4403 2705 4458 leur
2722 4403 3024 4459 condition

474 4488 547 4543 de
594 4488 735 4557 jour
787 4503 862 4544 en
899 4490 1039 4557 jour
1073 4490 1210 4559 plus
1246 4490 1599 4545 intolerable
1622 4532 1634 4544 .
1658 4531 1671 4545 .
1696 4531 1740 4545 ..
1779 4490 1829 4546 Il
1890 4505 1954 4545 se
2006 4491 2233 4560 passait
2268 4506 2343 4546 en
2380 4492 2534 4559 petit
2568 4490 2720 4546 dans
2756 4490 2843 4546 les
2879 4491 3029 4545 cites

474 4589 539 4630 66
575 4576 676 4644 qui
714 4590 778 4631 66
816 4577 1042 4645 passait
1078 4591 1153 4632 en
1193 4577 1380 4646 grand
1417 4592 1453 4632 a
1490 4577 1704 4633 Rome:
1740 4592 1890 4646 pour
1927 4578 2108 4647 plaire
2144 4593 2268 4633 aux
2305 4577 2625 4647 plebeienS,
2661 4577 2749 4633 166
2771 4577 3028 4633 curiales

473 4663 701 4718 etaient
747 4664 1008 4718 souvent
1055 4664 1245 4719 forces
1293 4664 1365 4719 de
1403 4664 1560 4719 tenir
1596 4662 1631 4718 a
1667 4663 1829 4719 leurs
1869 4664 2011 4719 frais
2047 4665 2102 4720 16
2139 4665 2232 4720 1116
2270 4664 2305 4720 a
2340 4664 2446 4719 bas
2480 4665 2633 4733 prix.
2671 4664 2750 4719 Le
2788 4664 3026 4732 Digeste

472 4750 631 4817 parle
666 4751 739 4805 de
775 4750 1092 4807 decurione
1128 4752 1357 4807 reduits
1393 4750 1429 4806 a
1465 4750 1523 4806 la
1556 4752 1799 4807 misere:
1839 4753 1912 4806 ob
1936 4752 2438 4808 munificientiam
2459 4752 2521 4806 in
2540 4751 2841 4820 patriam(
2862 4750 2954 4806 Fr.
2974 4751 3027 4809 8.

472 4836 509 4892 l.
543 4837 594 4892 2.
632 4836 713 4893 Cf.
750 4838 787 4892 1.
827 4838 945 4906 12.).
