3770 5738
1675 494 1761 563 85

433 698 640 761 natus
688 698 938 777 putare
965 692 1035 772 1).
1120 695 1251 761 Pro
1302 698 1491 761 certo
1539 699 1779 762 autem
1826 697 2109 779 scimus,
2157 699 2242 762 ut
2292 714 2380 762 ex
2430 698 2710 779 copiosa
2756 715 2983 763 recen·

432 816 619 880 sione
682 814 998 879 omnium
1046 815 1282 895 legum
1330 831 1508 895 quae
1555 815 1862 880 traditae
1910 817 2081 880 sunt
2128 815 2478 898 apparuit,
2526 833 2768 882 omnes
2818 817 2990 883 colo·

430 950 574 1015 nOS,
622 934 837 998 etiam
885 933 1395 1015 adscripticios,
1446 933 1701 999 liberos
1747 933 1986 999 fuisse.
2034 933 2114 998 In
2165 950 2246 998 ea
2294 936 2535 1000 autem
2558 935 2990 1017 quaestione,

430 1068 595 1115 num
681 1068 1047 1116 servorum
1134 1052 1594 1116 manumissio
1690 1052 1923 1133 aliqua
2000 1068 2088 1116 ex
2160 1055 2360 1133 parte
2434 1069 2595 1118 cum
2666 1054 2992 1119 colonatu

429 1170 817 1252 cohaereat,
887 1169 1066 1235 duae
1126 1186 1240 1234 res
1288 1187 1495 1251 saepe
1547 1171 1717 1234 sunt
1766 1170 2227 1235 conturbatae
2283 1187 2460 1251 quas
2507 1173 2746 1237 tamen
2794 1189 2991 1237 accu-

427 1274 578 1352 rate
628 1288 1058 1368 distinguere
1107 1290 1407 1370 oportet.
1501 1288 1695 1353 Prior
1741 1289 1913 1353 haec
1960 1290 2106 1353 est:
2169 1292 2507 1354 notumne
2556 1292 2667 1354 est
2728 1307 2992 1373 serVOS,

430 1409 800 1487 postquam
849 1406 1065 1471 semel
1114 1406 1517 1472 colonorum
1570 1407 1639 1470 in
1690 1407 1973 1471 modum
1998 1406 2320 1472 collocati
2346 1408 2512 1489 sint,
2539 1407 2699 1473 dein
2724 1408 2994 1473 viritim

431 1542 641 1589 manu
710 1524 965 1590 missos
1037 1526 1244 1590 esse?
1336 1524 1518 1590 Nam
1580 1524 1664 1589 de
1727 1526 2278 1590 manumissione
2348 1526 2583 1607 aliqua
2665 1527 2993 1608 generali,

432 1644 785 1725 universa,
834 1644 916 1708 ad
971 1661 1301 1724 magnum
1352 1660 1725 1708 numerum
1771 1660 2136 1708 servorum
2185 1644 2301 1709 vel
2344 1643 2576 1709 hercle
2623 1644 2709 1708 ad
2752 1661 2995 1709 omnes

430 1779 670 1827 servos
741 1762 1045 1827 rusticos
1118 1761 1329 1827 simul
1399 1763 1817 1843 pertinente,
1892 1778 2068 1841 quae
2139 1763 2291 1827 sine
2340 1762 2486 1827 ulla
2533 1766 2727 1828 certa
2773 1762 2996 1828 forma

437 1883 721 1962 peracta
791 1881 909 1962 sit,
958 1881 1239 1945 omnino
1287 1897 1514 1945 sermo
1564 1897 1719 1946 esse
1768 1897 1907 1945 non
1954 1882 2213 1962 potest,
2262 1881 2586 1962 quamvis
2637 1881 2774 1946 illis
2822 1882 2994 1947 viris

434 1998 661 2065 doctis
707 1998 1011 2064 fortasse
1058 1999 1322 2081 aliquid
1373 1999 1717 2079 ejusmodi
1764 1999 1997 2064 animo
2046 1999 2499 2064 obversatum
2548 1998 2791 2082 fuerit3
2822 2000 2993 2065 talis

432 2117 981 2183 manumittendi
1028 2118 1278 2182 modus
1324 2118 1512 2183 enim
1559 2117 1801 2182 nullus
1850 2134 2158 2199 unquam
2204 2118 2364 2199 fuit,
2406 2118 2993 2183 manumissiones

431 2253 816 2316 numquam
886 2235 1066 2301 aliae
1144 2237 1282 2301 nisi
1353 2236 1790 2317 singulorum
1855 2237 2147 2301 fuerunt
2217 2237 2291 2300 et
2338 2236 2399 2300 is
2447 2238 2636 2301 errat
2683 2235 2993 2317 profecto

428 2355 543 2434 qui
621 2353 843 2419 credit
914 2371 1247 2435 magnum
1317 2371 1688 2420 numerum
1758 2370 2121 2420 servorum
2172 2355 2542 2419 voluntate
2591 2357 2664 2419 et
2714 2354 2993 2420 decreto

426 2473 684 2538 domini
756 2473 986 2538 solum
1057 2472 1241 2537 ultro
1313 2473 1383 2536 in
1455 2474 1647 2538 cives
1718 2474 2039 2539 converti
2108 2473 2444 2554 potuisse.
2522 2471 2703 2537 Nam
2771 2474 2993 2537 muta·

422 2592 637 2656 tionis
703 2590 1021 2673 alicujus,
1093 2591 1164 2655 in
1214 2591 1556 2656 rationem
1605 2592 2158 2657 manumittendi
2203 2590 2354 2671 lege
2401 2589 2684 2672 allatae,
2733 2591 2805 2655 in
2859 2607 2995 2672 qua

426 2710 696 2775 Puchta
803 2709 1072 2791 primus
1159 2710 1496 2790 originem
1593 2710 1958 2775 colonatus
2010 2705 2404 2791 'quaesivit
2447 2704 2521 2792 ²),
2620 2710 2693 2773 et
2786 2725 2995 2789 quam

428 2827 881 2894 Hoffmeister
957 2844 1228 2909 quoque
1299 2828 1588 2911 respicit
1655 2827 1824 2913 (vid.
1875 2828 2032 2894 adn.
2089 2828 2174 2907 1.)
2223 2828 2295 2893 in
2342 2826 2614 2909 legibus
2657 2843 2786 2893 nec
2833 2827 2994 2893 vola

426 2965 553 3012 nec
600 2947 984 3027 vestigium
1034 2947 1223 3012 inest
1248 2941 1318 3023 ³).
1370 2946 1957 3013 Manumissiones
1998 2946 2390 3028 singulares
2436 2962 2603 3011 vero
2628 2962 2994 3011 servorum

495 3203 535 3268 ι)
573 3203 637 3257 L.
686 3202 761 3257 M.
796 3202 1181 3272 HABTMANN,
1219 3202 1417 3258 Ueber
1455 3203 1549 3258 die
1589 3203 1866 3258 Ursache
1904 3203 2010 3259 des
2046 3203 2473 3272 Unterganges
2511 3204 2614 3258 des
2651 3203 2991 3259 romischen

423 3290 690 3345 ReicheS.
745 3290 971 3344 Archiv
1023 3289 1121 3345 fiir
1176 3290 1390 3345 sociale
1445 3289 1907 3359 Gesetzgebung
1960 3290 2086 3346 und
2123 3290 2424 3346 Statistik.
2473 3290 2642 3345 Band
2690 3290 2769 3346 ΙΙ.
2809 3290 2990 3360 (1889)

424 3393 478 3447 p.
530 3377 654 3432 484.
708 3377 838 3432 Ans
892 3377 1008 3432 den
1060 3377 1257 3432 vielen
1310 3377 1889 3446 Untersuchungen‚
1928 3379 2022 3433 die
2059 3379 2175 3434 seit
2212 3378 2495 3434 SAvmuY
2534 3378 2682 3433 uber
2718 3378 2814 3433 die
2852 3379 2990 3433 Ent-

421 3466 690 3534 stehung
726 3465 957 3533 dessen‚
994 3479 1122 3519 was
1158 3459 1300 3519 man
1336 3466 1401 3520 in
1438 3467 1707 3534 spaterer
1743 3465 1873 3520 Zeit
1907 3464 2171 3520 Kolonat
2210 3466 2485 3534 genannt
2519 3465 2992 3535 hat,angestellt

424 3553 669 3608 worden
726 3552 880 3619 sind,
917 3552 1159 3608 scheint
1195 3553 1310 3607 mit
1348 3552 1575 3621 einiger
1613 3552 1955 3608 Sicherheit
1991 3553 2502 3620 hervorzugehen,
2539 3553 2683 3608 dasz
2720 3554 2850 3608 sich
2887 3553 2993 3608 der

422 3655 575 3696 neue
630 3640 823 3696 Stand
879 3654 991 3695 aus
1046 3640 1163 3694 den
1200 3655 1307 3695 zur
1342 3640 1678 3708 Bebauung
1716 3641 1821 3695 des
1858 3640 2094 3695 Laudes
2130 3640 2536 3709 angestellten
2575 3640 2859 3706 Sklaven,
2896 3640 2990 3695 die

422 3728 844 3796 naturgemasz
897 3742 972 3781 zu
1027 3726 1194 3781 einer
1246 3732 1560 3795 grosseren
1615 3727 1961 3782 faktischen
2017 3727 2282 3783 Freiheit
2334 3727 2676 3797 gelangten,
2715 3727 2841 3782 und
2877 3741 2992 3782 aus

427 3815 542 3870 den
580 3814 1059 3883 Kleinpachtern
1098 3814 1362 3882 gebildet
1397 3815 1523 3870 hat.

489 3901 586 3957 Dr.
640 3901 824 3957 ΚΑΜ.
884 3901 1339 3969 Horrnmsma,
1395 3901 1500 3957 Die
1560 3901 2061 3957 wirtschaftliche
2105 3900 2539 3970 Entwicklung
2595 3901 2794 3957 Rome.
2836 3901 2990 3958 1899.

423 4003 476 4057 p.
529 3989 616 4044 79.
670 3987 938 4043 Vielfach
996 3988 1242 4044 durften
1292 3988 1378 4043 sie
1425 3988 1547 4055 (die
1587 3987 1867 4048 Colonen)
1905 4003 2016 4056 aus
2053 3988 2172 4043 den
2211 3989 2717 4044 Ackerknechten
2756 3989 2988 4044 hervor-

428 4091 737 4145 gegangen
792 4077 940 4144 sein,
998 4077 1093 4132 die
1131 4091 1272 4132 man
1310 4078 1548 4131 anstatt
1583 4076 1925 4144 ganzlicher
1960 4076 2361 4142 Freilassung‚
2399 4092 2506 4131 um
2545 4076 2640 4131 ihr
2665 4075 2989 4132 Verlaufen

428 4179 500 4219 zu
558 4164 943 4232 verhindern,
991 4165 1269 4233 zwingen
1307 4165 1565 4233 mochte,
1603 4165 1876 4233 ansassig
1912 4180 1987 4219 zu
2025 4164 2259 4219 bleiben
2287 4205 2331 4219 ..
2353 4205 2366 4219 .
2393 4204 2406 4218 .
2441 4163 2582 4219 Und
2618 4179 2693 4219 zu
2731 4163 2991 4220 Colonen

424 4251 619 4307 durfte
676 4251 834 4306 auch
881 4251 1023 4318 jene
1084 4251 1278 4307 Masse
1332 4266 1451 4307 von
1505 4251 1718 4307 Freien
1755 4252 2078 4320 geworden
2114 4252 2244 4307 sein
2283 4266 2588 4320 e.q.s„...
2626 4251 2796 4307 Idem
2833 4252 2991 4320 apud

424 4337 631 4393 Gnono
674 4340 911 4406 Anum,
951 4338 1057 4393 Die
1097 4338 1507 4394 Socialreform
1544 4339 1629 4394 im
1665 4339 1991 4394 Altertum.
2031 4338 2184 4394 1897.
2221 4353 2317 4408 pp.
2347 4338 2419 4393 83
2455 4339 2517 4393 et
2549 4338 2638 4394 84.

490 4427 532 4490 ²)
570 4424 640 4480 G.
677 4424 741 4480 F.
779 4425 1054 4494 Pmoun,
1093 4426 1319 4481 Cursus
1356 4427 1459 4481 der
1494 4425 1935 4481 Institutionen
1973 4426 2048 4481 II.
2087 4428 2169 4490 (4⁶
2199 4425 2381 4494 Auss.)
2417 4440 2473 4494 p.
2508 4425 2631 4481 458.

489 4512 528 4574 8)
567 4513 639 4567 Μ.
680 4510 1013 4582 Ἦωιεεᾼκ,
1051 4512 1159 4568 Die
1195 4513 1605 4582 pratorischen
1644 4512 2124 4581 Freilassungen.
2162 4528 2216 4582 p.
2256 4513 2340 4568 17.
2392 4511 2539 4568 Jede
2579 4512 2989 4583 ManumissiO,

421 4600 575 4654 auch
630 4599 726 4654 die
773 4600 1155 4667 pratorische,
1194 4601 1471 4668 verlangt
1505 4601 1639 4655 eine
1679 4600 1906 4668 eigene,
1946 4600 2340 4656 unmittelbar
2377 4601 2514 4655 dem
2551 4599 2991 4669 Freilassungs-

423 4688 623 4742 zweck
678 4686 969 4742 dienende
1023 4687 1504 4756 Erklarung....
1563 4703 1617 4756 p.
1670 4689 1754 4742 49.
1814 4688 2060 4744 Minime
2113 4689 2254 4744 licet
2291 4702 2434 4757 „aus
2471 4688 2576 4742 der
2611 4686 2849 4743 Gestalt
2887 4688 2992 4744 der

426 4771 978 4842 Tischfreilassung,
1034 4775 1146 4828 wie
1203 4775 1288 4829 sie
1342 4789 1459 4830 von
1518 4775 1633 4829 den
1692 4789 1956 4829 neueren
2013 4775 2342 4831 Gelehrten
2397 4787 2842 4842 angenommen
2888 4776 2991 4843 ist,

427 4861 558 4916 eine
598 4859 1001 4928 unbegrenzte
1031 4860 1174 4917 Zahl
1204 4877 1318 4916 von
1350 4861 2008 4930 „stillschweigenden”
2041 4862 2555 4918 Manumissionen
2597 4862 2994 4918 abzuleiten.”
