3770 5738
1662 520 1788 585 107

441 738 572 785 non
642 721 755 784 est
820 718 1048 784 facilis
1109 735 1449 783 excursus
1496 719 1721 800 patris
1768 719 2093 799 familias,
2146 736 2304 783 cum
2353 737 2540 783 omne
2581 736 2793 800 qenus
2838 719 2998 799 aqri

445 837 853 902 tolerabilius
898 838 991 902 sit
1034 837 1159 901 sub
1208 837 1433 901 liberis
1479 838 1727 903 colonis
1772 849 1981 918 quam
2029 838 2158 902 sub
2186 837 2443 901 villicis
2467 837 2693 902 servis
2718 837 2986 901 habere.

443 958 591 1020 tum
660 956 1028 1037 praecipue
1104 955 1644 1020 frumentarium
1718 972 1921 1035 quem
1983 955 2268 1019 minime
2314 955 2527 1032 (sicut
2575 954 2819 1019 vineas
2864 956 2992 1018 aut

442 1075 790 1154 arbutum)
840 1073 1127 1138 colonus
1174 1077 1491 1138 evertere
1518 1076 1796 1155 potest.
1833 1124 1847 1137 .
1879 1072 1941 1137 .’'
1970 1068 2041 1146 1).
2085 1073 2342 1155 Quodsi
2368 1076 2607 1136 autem
2633 1073 2702 1136 in
2732 1072 2991 1152 longin-

442 1192 595 1272 quis
641 1191 881 1257 fundis
931 1192 1155 1272 magis
1203 1192 1532 1257 conducit
1579 1192 1834 1256 liberos
1860 1191 2139 1256 colonos
2164 1192 2511 1272 adhibere,
2543 1190 2830 1255 dubium
2856 1207 2991 1254 non

443 1313 549 1375 est
596 1310 938 1391 quomodo
1000 1327 1042 1374 a
1091 1310 1609 1390 possessoribus
1636 1310 2028 1389 ingentium
2055 1308 2585 1373 latifundiorum
2610 1311 2847 1373 actum
2876 1308 2992 1372 sit.

532 1428 701 1493 Post
793 1428 1131 1509 temporis
1224 1428 1680 1493 intervallum
1775 1428 2003 1492 denuo
2103 1427 2513 1508 saepissime
2592 1426 2994 1490 colonorum

443 1548 704 1611 mentio
790 1546 872 1610 fit
946 1547 1131 1628 apud
1203 1545 1614 1611 Martialem.
1712 1546 2125 1610 Invenimus
2199 1547 2267 1609 in
2345 1545 2496 1625 eJus
2567 1544 2996 1616 carminibus

443 1665 763 1729 colonum
789 1665 1126 1745 Argeium
1155 1669 1226 1745 2),
1278 1665 1600 1729 colonum
1627 1664 2056 1729 Paestanum
2084 1659 2158 1745 ³),
2201 1663 2524 1728 colonum
2548 1662 2896 1727 Niliacum
2924 1657 2994 1743 ⁴),

444 1783 762 1848 colonum
813 1783 1223 1863 Paelignum
1249 1779 1322 1859 ⁶).
1373 1783 1665 1864 Priapus
1714 1784 1885 1847 dicit
1933 1799 2009 1847 se
2056 1800 2098 1846 a
2145 1782 2301 1846 rudi
2350 1781 2592 1847 colono
2617 1780 2794 1845 falce
2841 1797 2996 1844 esse

445 1901 706 1966 factum
734 1895 807 1982 ⁶),
855 1901 926 1965 in
973 1900 1132 1965 aliis
1182 1918 1455 1982 quoque
1504 1901 1814 1982 Priapeis
1862 1901 2293 1965 carminibus
2342 1900 2425 1964 de
2473 1898 2738 1964 colonis
2770 1915 2995 1963 sermo

443 2023 550 2084 est
577 2015 646 2095 ⁷).
697 2019 893 2084 Dona
940 2019 1208 2084 natalia
1256 2022 1551 2084 venator
1597 2019 1925 2100 leporem,
1976 2019 2262 2084 00100115
2304 2018 2626 2099 haedum,
2652 2016 2996 2098 priscator

443 2155 780 2218 aquarum
851 2137 1180 2218 praedam
1227 2138 1434 2202 affert
1461 2134 1531 2213 ⁸).
1600 2137 1679 2201 In
1731 2137 1999 2217 Bajana
2042 2137 2211 2201 villa
2259 2136 2543 2201 adultae
2590 2135 2773 2200 filiae
2823 2134 2997 2199 colo·

444 2272 693 2320 norum
780 2256 962 2320 dona
1047 2257 1355 2320 matrum
1441 2256 1513 2320 in
1598 2256 1937 2337 sportulis
2010 2255 2289 2320 domino
2362 2254 2667 2319 offerunt
2691 2249 2764 2330 ⁹).
2859 2253 2997 2317 Res

443 2373 807 2438 familiaris
881 2390 1057 2454 quae
1127 2377 1284 2438 orta
1359 2378 1471 2438 est
1538 2374 2005 2456 possessionis
2075 2374 2423 2438 fructibus
2499 2372 2789 2436 dicitur:
2847 2387 2999 2455 „res

443 2508 694 2572 magna
740 2508 950 2572 quam
996 2492 1168 2556 facit
1215 2488 1671 2569 colonus’'¹⁰).
1724 2492 2122 2573 Aliquoties
2170 2491 2457 2556 colonus
2473 2492 2684 2572 juxta
2710 2489 3000 2554 vilicum

447 2612 878 2675 memoratur
898 2604 995 2685 ¹¹).
1069 2610 1156 2673 Et
1223 2610 1632 2691 saepissime
1702 2612 1773 2675 in
1823 2611 2236 2675 universum
2283 2610 2435 2690 eJus
2486 2608 2752 2673 mentio
2797 2602 2997 2683 fit12).

447 2727 785 2809 Aequalis
870 2743 1142 2808 quoquo
1228 2727 1383 2808 eJus
1468 2727 1745 2793 Statius
1823 2728 2041 2794 semel
2116 2728 2198 2794 de
2269 2727 2668 2792 Dicarcheis
2737 2725 3001 2791 colonis

444 2846 755 2928 loquitur
776 2839 874 2933 ¹³).

532 2966 755 3030 Juxta
824 2963 1081 3029 librum
1152 2964 1573 3031 Columellae
1645 2967 1989 3047 imprimis
2056 2965 2264 3031 Plinii
2311 2964 2656 3046 epistulae
2710 2963 2999 3028 maximi

447 3082 785 3148 momenti
855 3084 1025 3147 sunt
1072 3083 1159 3147 ad
1209 3083 1420 3165 hujus
1464 3085 1728 3149 aetatis
1781 3085 2103 3150 culturae
2151 3101 2374 3164 genus
2420 3083 2997 3163 cognoscendum.

447 3201 544 3266 De
592 3200 897 3282 praediis
944 3201 1092 3265 suis
1139 3218 1317 3281 quae
1364 3201 1592 3266 multa
1635 3203 1939 3267 habebat
1987 3203 2170 3268 haud
2221 3218 2376 3266 raro
2423 3201 2687 3266 scribit.
2739 3200 3001 3281 Operae

514 3383 558 3451 ¹)
591 3382 743 3439 Vide
797 3384 981 3439 etiam
1038 3384 1083 3439 Ι.
1137 3384 1189 3439 6.
1235 3384 1320 3439 21.
1379 3383 1543 3451 Quod
1598 3386 1672 3440 ad
1712 3384 1890 3441 villae
1927 3385 2192 3454 pertinet
2228 3385 2416 3439 situm
2451 3383 2834 3453 partiumque
2869 3382 3003 3451 ejus

449 3471 900 3540 dispositionem
956 3471 1105 3525 satis
1141 3471 1375 3526 dictum
1411 3472 1523 3527 est.
1561 3471 1726 3527 Circa
1762 3472 1969 3527 villam
2007 3472 2288 3540 deinceps
2324 3472 2470 3526 haec
2510 3484 2642 3525 esse
2678 3470 3002 3539 oportebit:

447 3556 692 3613 furnum
727 3559 791 3613 et
826 3557 1151 3626 pistrinum
1188 3562 1476 3628 quantum
1508 3561 1749 3628 futurus
1782 3573 2058 3615 numerus
2092 3558 2424 3614 colonorum
2450 3556 2851 3628 postulaverit.

518 3646 564 3711 ²)
600 3644 771 3700 Mart.
807 3644 910 3699 IV.
946 3645 1033 3700 57.
1070 3644 1122 3700 3.

521 3732 559 3797 ⁸)
668 3774 693 3801 „
804 3731 913 3786 IX.
950 3732 1037 3786 26.
1072 3730 1124 3787 3.

517 3819 560 3885 4)
668 3861 693 3888 ,,
806 3818 881 3874 X.
920 3820 1001 3874 14.
1038 3818 1089 3874 6.

517 3906 559 3975 ⁸)
667 3949 692 3976 „
803 3904 976 3961 XIII.
1016 3906 1099 3961 12.
1139 3907 1186 3961 1.

518 3994 557 4058 ⁶)
664 4037 689 4063 „
799 3992 901 4048 VI.
938 3993 1025 4048 73.
1064 3996 1111 4049 1.

517 4079 555 4149 ⁷)
594 4081 842 4149 Priapea
875 4080 961 4134 61.
1004 4081 1063 4147 1;
1100 4080 1185 4135 70.
1224 4080 1282 4145 1;
1319 4080 1405 4135 83.
1442 4080 1491 4134 4.

518 4168 559 4233 ⁸)
593 4167 766 4222 Mart.
803 4166 878 4222 X.
913 4168 1002 4222 87.
1042 4167 1124 4221 17.

517 4255 558 4319 ¹³)
667 4297 692 4324 „
804 4253 912 4309 III.
947 4254 1035 4309 58.
1069 4254 1155 4309 39.

519 4342 581 4410 ¹⁰)
655 4384 678 4411 „
790 4341 835 4395 I.
876 4342 959 4395 17.
994 4341 1046 4395 3.

520 4429 580 4497 ¹¹)
667 4471 690 4497 ‚,
801 4427 879 4483 11.
918 4429 1000 4482 11.
1036 4429 1087 4482 9.
1125 4428 1273 4483 011111
1316 4428 1566 4483 00100118
1603 4426 1936 4496 vilicusque
1974 4428 2231 4483 decoxit.

672 4558 696 4584 „
806 4515 910 4570 IV.
943 4517 1027 4570 66.
1067 4517 1149 4570 11.
1187 4515 1361 4571 vilica
1398 4515 1493 4570 vel
1530 4514 1662 4570 duri
1700 4530 2042 4584 compressa
2077 4516 2172 4571 est
2209 4516 2399 4583 nupta
2438 4514 2646 4570 coloni.

672 4645 696 4671 „
809 4602 944 4658 VII.
978 4603 1070 4657 31.
1100 4603 1152 4657 9.
1187 4602 1478 4671 quidquid
1517 4602 1735 4657 vilicus
1773 4602 2001 4658 Umber
2035 4603 2145 4657 aut
2182 4602 2448 4657 colonus.

521 4689 582 4756 ¹²)
668 4732 693 4758 ‚,
803 4689 912 4744 III.
959 4690 1044 4743 24.
1092 4691 1125 4744 4
1174 4691 1237 4743 et
1273 4689 1366 4756 103
1405 4688 1509 4743 IV.
1542 4689 1628 4744 64.
1664 4689 1760 4757 345
1798 4689 1907 4744 XI.
1946 4690 2028 4743 14.
2068 4692 2125 4758 1;
2166 4689 2247 4745 18.
2288 4690 2380 4757 173
2420 4687 2561 4743 XII.
2594 4688 2680 4744 59.
2718 4690 2776 4755 ὃς
2816 4687 2901 4743 76.
2938 4687 2998 4755 2;

454 4775 619 4831 XIII.
656 4777 741 4832 12.
779 4779 835 4845 13
875 4778 956 4832 15.
992 4778 1041 4832 2.

522 4863 579 4928 ι3)
616 4862 769 4919 Stat.
808 4862 1021 4919 Silvae.
1058 4862 1135 4918 11.
1169 4864 1220 4919 2.
1261 4863 1379 4918 135.
