3770 5738
1965 473 2054 538 88

726 687 890 735 zum
956 670 1266 751 Beginne
1335 671 1457 736 der
1499 670 2370 761 Colonatsgesetzgebung,
2420 671 2630 736 deren
2681 670 2926 752 Object
2971 671 3073 735 sie
3122 686 3290 735 wer·

726 787 858 853 den
908 788 1137 871 sollte,
1188 789 1406 855 durch
1453 789 1974 855 Jahrhunderte
2024 789 2165 855 fort
2212 789 2530 855 erhalten
2558 788 2779 854 habe”
2808 784 2876 870 ¹).
2927 788 3026 853 Ea
3049 791 3290 854 autem

724 907 1147 989 condicione,
1222 909 1303 972 ut
1350 894 1730 990 antequam
1780 909 2195 991 explicamus
2243 908 2566 991 quomodo
2613 907 2780 972 talis
2831 907 2996 972 ordo
3044 909 3290 973 extare

722 1026 1055 1108 potuerit,
1119 1026 1422 1107 primum
1500 1027 1566 1090 id
1641 1027 1868 1108 ipsum
1941 1027 2372 1092 ostendamus
2430 1043 2592 1091 eum
2637 1043 2712 1091 re
2760 1043 2930 1091 vera
2969 1027 3285 1091 emtitisse.

722 1143 956 1225 Hujus
1004 1146 1246 1208 autem
1292 1143 1564 1209 consilii
1611 1162 1857 1225 parum
1906 1146 2120 1210 refert
2167 1147 2406 1209 utrum
2453 1144 2793 1225 agricolae
2840 1144 2942 1209 illi
2984 1145 3288 1210 minores

722 1278 1162 1343 possessores
1224 1262 1490 1327 fuerint
1537 1281 1625 1328 an
1682 1263 2164 1328 conductores,
2213 1263 2323 1327 Ad
2378 1263 2555 1328 duas
2609 1280 2720 1327 res
2770 1262 2985 1345 igitur
3033 1263 3103 1327 in
3155 1263 3286 1327 hac

723 1380 1199 1461 disputatione
1239 1381 1796 1461 respondendum
1845 1383 2000 1446 erit.
2054 1382 2366 1446 Primum
2413 1380 2890 1462 quaerendum
2934 1384 3066 1459 est,
3117 1398 3284 1445 num

720 1515 1130 1579 magnorum
1177 1515 1502 1578 agrorum
1537 1500 1878 1581 possessio
1929 1501 2031 1564 ita
2079 1517 2371 1579 parvam
2418 1499 2933 1581 possessionem
2980 1515 3287 1564 remove·

721 1618 837 1698 rit,
881 1621 964 1682 ut
1009 1617 1331 1698 agricolis
1379 1618 1496 1699 qui
1538 1618 1669 1698 ipsi
1717 1618 2160 1700 possiderent
2208 1614 2448 1682 nullas
2475 1618 2668 1682 locus
2694 1618 3147 1699 superesset?
3199 1617 3288 1681 Et

721 1735 902 1818 dein,
974 1752 1145 1800 num
1215 1736 1287 1799 in
1358 1735 1755 1801 latifundiis
1825 1753 2240 1817 magnorum
2288 1752 2614 1816 agrorum
2677 1736 2952 1801 cultura
2998 1736 3107 1800 i.e.
3157 1736 3286 1800 hoc

719 1855 1034 1935 tempore
1081 1853 1274 1919 labor
1319 1870 1703 1936 servorum,
1754 1855 1903 1919 tam
1951 1871 2234 1936 prorsus
2284 1854 2353 1918 in
2403 1854 2631 1919 locum
2680 1870 2940 1935 parvae
2965 1853 3284 1918 culturae

718 1972 1115 2037 substituta
1185 1972 1302 2054 sit,
1374 1975 1455 2036 ut
1518 1973 1732 2036 etiam
1803 1972 2170 2053 agricolae,
2248 1972 2365 2053 qui
2435 1988 2678 2052 agrum
2733 1971 3285 2053 qualemcunque

720 2090 1247 2172 conduxissent,
1294 2107 1430 2155 non
1480 2090 1782 2171 amplius
1831 2092 2215 2156 extarent?
2263 2090 2697 2172 Quamquam
2723 2090 2813 2171 id,
2840 2089 3020 2171 quod
3048 2106 3285 2154 secun·

720 2207 807 2272 do
855 2208 1005 2273 loco
1034 2209 1256 2291 posui,
1296 2209 1522 2273 multo
1571 2208 1857 2290 majoris
1906 2209 2243 2274 momenti
2290 2211 2401 2273 est
2449 2225 2658 2289 quam
2695 2208 3021 2290 primum,
3047 2211 3284 2273 tamen

718 2343 968 2409 operae
1017 2328 1323 2409 pretium
1375 2329 1486 2391 est
1532 2327 1602 2391 in
1656 2328 1784 2392 hoc
1832 2344 2105 2408 quoque
2157 2327 2466 2392 breviter
2512 2326 2883 2408 inquirere.

809 2444 1068 2510 Contra
1122 2445 1488 2525 vulgatam
1536 2445 1934 2526 opinionem
1983 2445 2319 2526 majorem
2368 2444 2900 2525 possessionem
2945 2444 3286 2531 minorem

718 2564 1000 2629 omnino
1072 2563 1524 2629 devoravisse
1594 2563 2304 2629 animadvertendum
2376 2566 2508 2645 est,
2551 2565 3057 2644 praeterquam
3104 2562 3285 2644 quod

708 2683 856 2765 jam
926 2699 1049 2764 per
1119 2698 1195 2746 se
1274 2698 1525 2763 parum
1595 2682 1980 2764 probabilis
2049 2682 2334 2747 videtur
2420 2717 2482 2728 -
2567 2681 2896 2761 quoniam
2966 2681 3038 2745 in
3087 2679 3286 2746 nulla

715 2802 1056 2866 societate
1132 2801 1407 2883 generis
1491 2801 1800 2882 humani,
1887 2800 2007 2866 ubi
2083 2801 2423 2866 bonorum
2516 2800 2779 2865 creatio
2871 2799 3050 2863 satis
3134 2816 3284 2881 pro·

715 2937 956 3002 gressa
1048 2924 1180 3001 est,
1253 2920 1562 2985 rationes
1633 2920 1925 2985 dominii
1998 2922 2151 2984 tam
2229 2919 2592 3000 simplices
2667 2921 2840 2984 sunt
2910 2954 2976 2964 —
3051 2917 3286 2984 fontes

717 3055 987 3120 quoque
1036 3039 1099 3104 ei
1147 3039 1478 3104 idoneum
1526 3039 1927 3103 subsidium
1975 3055 2115 3103 non
2164 3038 2518 3119 praebere.
2569 3037 2752 3119 Loci,
2802 3038 2875 3101 in
2923 3036 3176 3118 quibus
3200 3036 3285 3101 de

716 3157 900 3222 fame
949 3157 1078 3222 soli
1130 3173 1489 3239 nunquam
1527 3173 1569 3220 a
1611 3157 2139 3238 possessoribus
2165 3156 2450 3236 expleta
2475 3171 2854 3236 eorumque
2878 3155 3286 3235 ingentibus

717 3275 1115 3339 latifundiis
1185 3292 1413 3340 sermo
1476 3274 1587 3356 fit,
1638 3274 1975 3354 majorem
2024 3275 2167 3339 fere
2215 3277 2489 3355 partem
2540 3273 2933 3355 deprompti
2980 3276 3151 3337 sunt
3197 3289 3287 3337 ex

716 3393 1024 3458 satiricis
1096 3393 1452 3469 (Petronio
1483 3388 1554 3473 2),
1628 3387 2071 3468 Juvenali³))
2160 3393 2274 3458 vel
2357 3409 2630 3457 morum
2715 3391 3288 3473 praeceptoribus

716 3510 1006 3589 (Seneca
1030 3507 1079 3558 ⁴)
1149 3511 1479 3576 Salviano
1507 3507 1586 3588 5‘)
1650 3511 1761 3576 vel
1861 3511 2261 3576 rhetoribus
2362 3510 2819 3592 (Quintiliano
2846 3504 2951 3585 6)).
3041 3509 3287 3590 Itaque

715 3647 884 3695 sane
946 3629 1094 3711 Jam
1170 3630 1419 3700 statim
1494 3629 1738 3694 multis
1788 3629 1870 3694 de
1918 3626 2170 3716 {causis
2219 3629 2614 3694 timendum
2660 3631 2772 3694 est
2820 3645 2909 3692 ne
2957 3644 3061 3710 ea,
3109 3643 3285 3708 quae

788 3912 831 3981 ¹)
869 3912 1371 3980 Hmsrznnnnox,
1409 3912 1447 3967 l.
1483 3925 1532 3966 c.
1570 3926 1624 3980 p.
1660 3912 1747 3966 89.

797 4009 838 4074 ²)
877 4008 1217 4064 Petronius
1268 4007 1395 4062 Sat.
1432 4007 1517 4063 38.
1556 4009 1590 4075 ξ
1629 4008 1679 4077 1,
1716 4008 1818 4062 ubi
1856 4008 1928 4062 de
1967 4005 2406 4062 Trimalchione
2443 4020 2640 4062 sermo
2676 4007 2799 4061 est:
2835 4005 2960 4061 Nec
2999 4006 3110 4071 est,
3128 4004 3288 4074 quod

715 4099 896 4166 putes
933 4095 1109 4150 illum
1145 4095 1467 4164 quicquam
1504 4109 1722 4150 emere.
1762 4094 1978 4150 Omnia
2015 4094 2175 4149 domi
2215 4096 2576 4149 nascuntur:
2616 4093 2771 4163 lana,
2809 4093 3064 4161 credrae,
3101 4093 3285 4163 piper,

711 4184 866 4239 lacte
925 4182 1323 4251 gallinaceum
1359 4183 1409 4237 si
1447 4183 1774 4250 quaesieris
1825 4182 2114 4237 invenies.
2158 4212 2209 4219 —
2258 4181 2341 4236 Cf.
2394 4182 2482 4236 48.
2536 4181 2588 4249 3,
2626 4171 2726 4236 ubi
2760 4181 2887 4249 ipse
2925 4179 3283 4236 Trimalchio

711 4271 1007 4340 loquitur:
1063 4269 1238 4324 Nunc
1291 4270 1655 4338 conjungere
1706 4269 1915 4338 agellis
1964 4267 2228 4323 Siciliam
2264 4268 2415 4337 v010,
2455 4270 2525 4323 ut
2561 4282 2698 4323 cum
2737 4265 3002 4322 Africam
3039 4266 3285 4322 libuerit

710 4358 815 4427 ire,
851 4372 957 4426 per
993 4371 1160 4412 meos
1197 4356 1349 4411 fines
1387 4357 1689 4425 navigem.

784 4455 823 4523 ³)
860 4453 995 4508 vide
1034 4455 1279 4508 textum
1318 4451 1495 4508 infra.

779 4550 822 4615 ⁴)
913 4591 937 4618 n

783 4647 823 4714 ⁸)
917 4687 941 4712 η
1157 4687 1180 4711 „
1400 4687 1423 4714 „

780 4743 819 4810 ⁶)
859 4741 1105 4807 Quintil.
1144 4741 1298 4795 Decl.
1335 4740 1542 4795 13....
1581 4754 1691 4794 nec
1729 4739 1891 4794 ullus
1926 4740 2279 4809 procedendi
2323 4739 2462 4794 finis
2503 4741 2599 4793 est
2631 4739 2746 4794 nisi
2770 4753 2907 4793 cum
2931 4739 2995 4793 in
3018 4738 3280 4795 alterum

711 4829 963 4884 divitem
999 4828 1297 4883 inciderit.
