3770 5738
1675 500 1755 562 61

402 719 549 784 pro
596 700 838 783 quibus
887 699 1104 780 igitur
1153 696 1490 778 capitatio
1540 698 1847 760 humana
1903 697 2206 763 solvitur
2247 697 2458 779 juxta
2499 701 3001 783 capitationem

423 819 871 907 animalium,
924 817 1352 898 conJ‘unctim
1403 815 1668 879 dictae:
1717 815 2077 903 capitatio,
2101 818 2494 884 animarum
2529 817 2602 899 ¹).

516 936 589 1001 Si
641 936 856 1017 hujus
903 934 1250 1017 opinionis
1298 933 1682 1014 periculum
1734 933 2031 999 facimus
2083 936 2183 1000 ita
2233 939 2313 1001 ut
2354 938 2800 1019 exploremus
2828 958 2995 1005 num

425 1072 552 1120 eae
603 1055 1084 1134 difficultateS,
1139 1069 1315 1133 quas
1365 1051 1705 1133 recensui,
1758 1051 2123 1134 tollantur,
2188 1071 2261 1119 re
2331 1072 2500 1120 vera
2565 1057 2630 1121 id
2701 1058 2804 1122 ita
2843 1075 2996 1123 esse

426 1173 971 1254 comperiemus.

523 1294 579 1356 1.
632 1290 985 1371 Capitatio
1033 1291 1355 1371 humana,
1398 1289 1457 1354 si
1485 1290 1588 1354 ita
1614 1291 2033 1372 explicatur,
2061 1291 2409 1357 tributum
2434 1295 2546 1357 est
2570 1297 2994 1375 possessoris

426 1411 691 1490 pariter
760 1426 842 1473 ac
907 1408 1181 1489 jugatio
1251 1409 1556 1487 terrena,
1633 1411 1846 1490 atque
1919 1409 2137 1488 igitur
2181 1408 2339 1490 Jure
2389 1411 2597 1475 simul
2649 1429 2807 1476 cum
2864 1414 2993 1478 hac

429 1526 804 1594 memorari
854 1529 1111 1607 potest.

522 1647 583 1709 2.
661 1644 738 1709 Id
811 1644 993 1724 quod
1049 1644 1120 1708 L.
1185 1645 1242 1707 1.
1294 1643 1363 1708 C.
1414 1645 1475 1709 J.
1527 1644 1652 1708 XI.
1707 1644 1813 1709 53.
1866 1646 2303 1726 propositum
2352 1648 2565 1712 habet
2614 1649 2740 1713 hoc
2789 1648 2992 1713 modo

433 1764 714 1828 omnino
762 1766 982 1844 patet.
1033 1761 1307 1827 Statuit
1354 1763 1541 1827 enim
1591 1766 1671 1828 ut
1718 1763 1945 1828 coloni
1996 1764 2263 1847 Illyrici
2310 1766 2602 1846 posthac
2636 1766 2991 1847 originarii

431 1883 597 1964 sint,
670 1881 819 1947 solo
893 1881 1174 1961 quidem
1245 1881 1468 1961 ligati,
1540 1899 1677 1945 non
1750 1884 1991 1947 tamen
2068 1884 2140 1947 in
2197 1883 2539 1948 deteriore
2588 1885 2991 1950 condicione

431 2000 1057 2082 adscripticiorum,
1106 2000 1227 2064 sed
1281 2000 1789 2064 ordinariorum
1839 2000 2215 2065 liberorum
2265 2001 2686 2068 colonorum.
2737 2003 2990 2067 Eodem

431 2118 632 2182 modo
680 2118 1167 2199 adscripticios
1216 2120 1290 2183 et
1337 2117 1619 2182 colonos
1666 2119 2078 2198 saepissime
2128 2120 2312 2198 inter
2361 2138 2436 2185 se
2465 2121 2737 2203 ‚opponi
2781 2138 2991 2202 supra

433 2237 738 2302 vidimus
767 2234 843 2309 ιζ).
1196 2276 1197 2283 1

518 2357 579 2421 3.
632 2355 889 2437 Quodsi
939 2355 1310 2436 tributum,
1362 2355 1449 2420 ad
1470 2355 1650 2435 quod
1678 2358 1957 2433 spectat
1981 2355 2055 2421 L.
2084 2358 2145 2421 8.
2176 2356 2246 2421 C.
2272 2356 2336 2421 J.
2360 2356 2485 2421 XI.
2515 2357 2621 2421 48.
2652 2357 2988 2437 capitatio

439 2473 744 2538 humana
784 2476 895 2538 est
933 2490 1013 2538 eo
1053 2490 1265 2538 sensu
1306 2490 1513 2554 quem
1552 2473 1881 2557 indicavi,
1923 2477 1997 2539 et
2037 2492 2191 2540 eam
2216 2476 2302 2540 ob
2328 2492 2613 2539 causam
2638 2475 2990 2539 tributum

432 2595 538 2655 est
608 2592 891 2674 domini,
941 2594 1097 2656 tum
1144 2609 1218 2656 re
1269 2609 1437 2657 vera
1481 2608 1594 2656 res
1642 2592 1923 2673 publica
1973 2592 2479 2658 detrimentum
2527 2593 2714 2674 capit
2764 2592 2986 2657 coloni

431 2709 627 2790 fuga3
701 2713 892 2796 terra
960 2712 1145 2775 enim
1219 2710 1484 2775 inculta
1527 2712 1958 2793 remanebat,
2011 2714 2084 2776 et
2131 2728 2252 2792 pro
2301 2715 2494 2777 terra
2539 2711 2808 2776 inculta
2847 2728 2982 2776 non

431 2827 628 2894 facile
674 2830 1022 2921 tributum
1070 2829 1258 2910 exigi
1304 2831 1582 2910 poterat
1608 2823 1678 2906 3).

515 2949 577 3012 4.
630 2947 980 3028 Capitatio
1028 2949 1354 3024 humana,
1404 2949 1460 3012 si
1513 2949 1866 3013 tributum
1918 2950 2029 3012 est
2081 2948 2544 3028 dominorum,
2596 2963 2638 3011 a
2686 2947 2987 3011 dominis

432 3081 546 3145 pro
595 3065 860 3131 colonis
907 3067 1056 3131 suis
1104 3066 1575 3147 adscripticiis
1622 3066 1961 3148 solutum,
2010 3083 2083 3130 re
2125 3083 2294 3130 vera
2318 3083 2579 3129 nexum
2604 3065 2777 3129 facit
2801 3065 2988 3130 inter

435 3186 780 3266 utrosque,
858 3187 931 3249 et
1004 3187 1085 3248 ut
1156 3186 1224 3248 in
1280 3185 1354 3249 L.
1418 3186 1474 3248 1.
1527 3184 1598 3249 C.
1646 3185 1708 3249 J.
1758 3184 1882 3249 XI.
1939 3185 2045 3249 52.
2121 3201 2350 3249 sermo
2422 3186 2533 3249 est
2604 3184 2687 3248 de
2743 3182 2986 3267 „fortis

432 3302 837 3367 tributariae
887 3302 1141 3384 nexu'’‚
1192 3303 1294 3367 ita
1343 3303 1641 3383 legimus
1689 3304 1759 3367 in
1810 3303 1885 3367 L.
1942 3302 2048 3367 36.
2104 3302 2174 3367 C.
2222 3302 2283 3366 J.
2337 3302 2385 3366 I.
2440 3303 2500 3366 3.
2529 3302 2613 3366 de
2645 3301 2984 3386 „adscrip-

434 3419 630 3485 ticiae
678 3421 1105 3486 condicionis
1154 3422 1420 3500 nexu’';
1469 3421 1901 3502 adscripticii
1951 3424 2192 3485 autem
2240 3420 2330 3484 iis
2380 3422 2661 3484 tantum
2702 3419 2983 3485 obnoxii

437 3541 612 3621 sunt,
663 3541 913 3621 quibus
962 3540 1230 3604 tributa
1277 3555 1396 3604 eos
1421 3538 1777 3620 subJ'ectos
1803 3539 2075 3603 faciunt
2101 3534 2172 3615 ⁴).
2225 3537 2545 3603 Habetur
2568 3542 2806 3603 autem
2831 3537 2984 3618 ipsa

439 3654 787 3739 inscriptio
860 3659 930 3722 in
1008 3658 1270 3723 domini
1342 3657 1515 3722 libro
1579 3657 1890 3722 censuali
1941 3657 2439 3722 documentum
2490 3656 2983 3737 adscripticiae

439 3776 883 3857 condicionis;
927 3794 1139 3858 supra
1174 3776 1480 3840 vidimus
1502 3777 1588 3840 ad
1616 3776 1685 3840 id
1713 3775 1932 3840 s'olam
1963 3775 2473 3862 confessionem
2499 3792 2635 3839 non
2663 3773 2983 3839 sufficere

507 4079 543 4138 ⁸)
580 4080 720 4145 Lac,
757 4079 793 4134 l.
831 4080 867 4134 l.
904 4094 958 4148 p.
994 4080 1082 4136 83.
1127 4112 1177 4119 —
1224 4080 1636 4137 Tributarium
1673 4083 1911 4152 praeter
1946 4096 2106 4148 eum,
2135 4082 2237 4150 qui
2258 4080 2487 4136 tributa
2509 4080 2767 4149 pendere
2790 4080 2983 4149 debet,

441 4165 608 4222 etiam
666 4166 1003 4235 significare
1058 4182 1231 4236 posse
1286 4183 1445 4235 eum,
1501 4170 1628 4224 sive
1683 4170 1759 4240 id,
1814 4184 1921 4239 pro
1975 4184 2094 4238 quo
2153 4169 2379 4223 tributa
2415 4168 2781 4236 penduntur,
2818 4170 2983 4237 patet

441 4262 510 4305 ex
558 4254 875 4309 enuntiato
934 4255 1088 4322 ..agri
1142 4255 1502 4310 tributa1·ii”:
1544 4260 1613 4311 ut
1649 4256 1994 4322 Frontinus
2031 4257 2104 4310 de
2140 4256 2566 4311 controversiis
2602 4270 2899 4324 agrorum,
2936 4256 2980 4311 Ι.

441 4347 559 4406 pag.
609 4341 678 4396 35
732 4341 1126 4404 (Lachmann)
1154 4386 1161 4392 .
1189 4383 1232 4396 ..
1323 4357 1428 4410 per
1483 4342 1723 4398 Italiam
1776 4343 1876 4398 ubi
1916 4342 2123 4397 nulius
2160 4349 2301 4411 ag'er
2335 4345 2428 4397 est
2466 4343 2840 4409 tributarius
2877 4343 2982 4398 sed

441 4429 537 4480 aut
586 4428 891 4483 colonicus
946 4431 1053 4483 aut
1105 4429 1486 4497 municipalis
1539 4432 1647 4486 aut
1703 4430 1961 4498 alicujus
2016 4430 2244 4485 castelli
2299 4433 2408 4485 aut
2463 4430 2840 4485 conciliabuli
2876 4432 2982 4486 aut

447 4512 626 4569 saltus
661 4515 897 4583 privati.

467 4667 480 4682 ι
507 4599 542 4665 ¹)
579 4616 706 4669 pag.
743 4602 830 4658 33.

508 4684 546 4748 ⁸)
583 4687 653 4744 cf.
692 4683 1047 4744 Pus-rauna
1088 4689 1475 4746 commone.
1513 4691 1593 4747 Le
1632 4692 1872 4747 colonat
1898 4675 2153 4747 romain.
2175 4691 2550 4746 Recherches
2570 4706 2676 4747 sur
2693 4693 2984 4763 quelques

446 4772 762 4833 problemes
798 4775 1122 4831 d’histoire.
1158 4791 1216 4845 p.
1249 4777 1335 4833 78.

511 4857 550 4929 ⁴)
584 4860 645 4916 L.
679 4861 730 4916 2.
769 4860 827 4917 C.
863 4862 917 4917 J.
955 4861 1064 4918 XI.
1098 4863 1186 4919 50.
