3770 5738
1682 495 1812 561 159

413 749 424 760 .
454 695 612 762 torii
638 712 999 776 nunquam
1027 711 1163 760 non
1192 694 1538 775 redibant,
1570 695 1894 775 quamvis
1921 693 2198 758 ordines
2220 693 2672 759 decurionum
2692 694 3021 775 perirent.

546 814 735 896 Quod
779 801 1193 878 'decuriones
1242 815 1390 878 tam
1440 814 1692 878 misere
1741 813 2032 877 tributis
2079 812 2569 892 affligebantur
2616 814 2766 878 sine
2814 813 3023 878 dubio

453 933 589 998 alia
635 949 906 1014 quoque
955 949 1168 997 causa
1218 932 1375 1014 fuit,
1429 949 1552 996 cur
1598 931 2059 996 adhaerentia
2102 931 2565 1012 reciperetur:
2618 932 2787 996 haec
2813 932 3020 1013 enim,

453 1055 797 1133 quantum
868 1051 1167 1133 poterat,
1241 1067 1446 1131 agros
1516 1067 1816 1131 quorum
1864 1050 2137 1115 tributa
2184 1049 2649 1130 exigebantur
2697 1049 3022 1115 colendos

455 1186 695 1235 curare
765 1168 1161 1234 videbatur.
1224 1168 1461 1250 Atque
1535 1169 1603 1251 ii,
1681 1168 1797 1250 qui
1848 1168 2130 1234 colonos
2177 1167 2324 1233 solo
2374 1167 2796 1248 ligaverunt,
2847 1168 3023 1234 duas

455 1305 565 1353 res
636 1287 944 1353 assecuti
1013 1291 1216 1352 sunt:
1269 1288 1416 1368 agri
1466 1287 1720 1352 melius
1772 1303 1983 1367 quam
2036 1289 2202 1350 ante
2250 1264 2520 1350 cultum
2569 1286 2651 1350 iri
2700 1287 3022 1352 videban-

457 1412 593 1490 tur,
642 1425 777 1489 qua
828 1425 906 1476 re,
950 1408 1224 1472 tributa
1273 1405 1538 1470 certius
1585 1405 1917 1485 redirent,
1969 1409 2042 1470 et
2089 1422 2302 1484 grave
2351 1421 2527 1469 onus
2569 1405 3023 1469 decurionum

453 1526 710 1607 partim
755 1527 842 1591 ab
891 1525 1378 1592 decurionibus
1425 1523 1511 1589 ad
1560 1540 1997 1605 possessores
2024 1522 2547 1588 devolvebatur.
2582 1522 2677 1607 „Il
2702 1540 2777 1588 se
2801 1524 3025 1589 forma

454 1647 650 1709 entre
721 1661 798 1709 00
862 1644 1140 1708 dernier
1210 1647 1284 1708 et
1353 1642 1397 1706 l’
1443 1643 1609 1707 Etat
1669 1659 1807 1706 une
1853 1643 2097 1723 espece
2146 1640 2594 1706 d’assurance
2642 1642 3019 1706 mutuelle:

456 1761 595 1826 l’un
674 1762 1039 1842 repondait
1108 1760 1231 1826 des
1295 1760 1574 1842 impots,
1625 1760 1878 1824 l’autre
1925 1759 2338 1824 fournissait
2382 1759 2504 1824 des
2554 1759 3021 1825 cultivateurs

455 1880 874 1962 perpetueIS,
941 1883 1014 1944 et
1085 1879 1154 1944 la
1223 1880 1700 1960 consequence
1774 1879 1856 1943 de
1924 1895 2000 1943 00
2071 1879 2370 1959 contrat,
2421 1878 2481 1943 si
2530 1877 2886 1943 favorable
2929 1895 3020 1943 au

453 1997 577 2062 fisc
640 1999 714 2063 et
776 2015 919 2063 aux
982 1999 1273 2062 maitres
1323 1996 1414 2060 du
1461 1996 1587 2078 sol,
1637 1997 1816 2061 etait
1862 1995 1933 2060 la
1979 1995 2344 2060 servitude
2393 1995 2515 2060 des
2558 1996 2919 2061 fermiers'’
2951 1991 3017 2078 ²).

548 2115 705 2180 Alia
775 2133 1047 2197 quoque
1117 2132 1227 2180 res
1274 2115 1818 2197 imperatoribus
1868 2131 2081 2179 causa
2127 2114 2344 2178 fuisse
2392 2116 2627 2195 potest
2676 2132 2799 2180 cur
2847 2114 3019 2181 colo-

454 2251 580 2299 nos
629 2215 777 2300 solo
826 2234 1322 2314 astringerent.
1378 2234 1638 2298 Aetate
1688 2233 2141 2314 imperatoria
2187 2232 2451 2297 milites
2499 2234 2571 2297 et
2615 2233 2773 2297 aliis
2798 2232 3021 2298 modis

457 2353 1075 2417 conscribebantur
1102 2348 1172 2433 2),
1249 2354 1342 2432 et,
1418 2355 1500 2416 ut
1571 2353 1792 2432 primo
1864 2352 2094 2433 capite
2168 2351 2494 2432 vidimuS,
2568 2351 2694 2415 hac
2749 2368 3019 2432 quoque

456 2471 746 2552 rat-ione,
797 2473 878 2535 ut
923 2470 1147 2535 coloni
1194 2487 1235 2534 a
1274 2470 1791 2551 possessoribus
1820 2473 2180 2551 tamquam
2209 2469 2474 2534 tirones
2498 2471 3017 2551 praeberentur.

459 2589 766 2654 Primum
839 2589 1007 2653 haec
1083 2589 1472 2674 „juniorum
1542 2587 1866 2653 collatio”
1917 2590 2346 2653 memoratur
2394 2587 2461 2651 in
2513 2586 2662 2668 lege
2711 2587 3018 2652 Valenti·

462 2707 649 2771 niani
720 2707 886 2772 anni
959 2707 1090 2771 365
1120 2701 1191 2786 ³),
1264 2707 1383 2772 sed
1443 2706 1590 2788 jam
1640 2706 1867 2771 multo
1916 2709 2083 2771 ante
2133 2706 2198 2769 in
2250 2721 2479 2769 mores
2528 2705 2815 2771 inducta
2861 2723 3014 2771 esse

461 2825 759 2891 videtur.
837 2826 1254 2891 Ammianus
1299 2843 1458 2890 cum
1513 2824 1789 2890 fructus
1836 2825 2224 2905 enumerat,
2280 2840 2455 2904 quos
2501 2824 2884 2905 imperator
2928 2841 3015 2890 ex

457 2944 913 3010 collocatione
1007 2944 1310 3024 quadam
1401 2944 1853 3008 barbarorum
1949 2944 2376 3025 perceperat,
2474 2943 2574 3007 ita
2671 2942 3013 3024 loquitur:

464 3063 917 3146 „proletarios
990 3063 1380 3127 lucrabitur
1450 3062 1686 3143 plures
1758 3065 1831 3126 et
1877 3061 2203 3127 tirocinia
2251 3077 2494 3142 cogere
2543 3062 2805 3143 poterit
2853 3062 3018 3127 vali·

459 3181 779 3261 dissima3
860 3197 1109 3244 aurum
1183 3180 1435 3261 quippe
1505 3182 1870 3261 gratanter
1926 3179 2391 3259 provinciales
2441 3197 2562 3260 pro
2612 3181 3018 3261 corporibus

460 3298 756 3380 dabunt;
833 3315 1009 3379 quae
1083 3315 1245 3380 spes
1320 3315 1469 3362 rem
1505 3284 1932 3363 'Romanam
1984 3297 2405 3379 aliquotiens
2452 3293 3014 3378 adgravavit'’⁴).

459 3416 822 3481 Probabile
891 3417 1134 3480 autem
1204 3419 1314 3481 est
1386 3416 1512 3480 hoc
1560 3416 1712 3481 loco
1763 3433 1924 3481 eum
1972 3417 2293 3497 spectare
2340 3415 2429 3479 ad
2477 3415 2757 3481 easdem
2808 3433 3018 3481 enun-

461 3534 812 3615 tiationeS,
877 3551 1053 3615 quae
1108 3533 1178 3598 C.
1224 3534 1343 3598 Th.
1396 3534 1548 3599 VII.
1602 3535 1700 3598 13.
1755 3534 2071 3598 adhiberi
2122 3534 2384 3599 solent:
2435 3551 2557 3615 pro
2616 3534 3018 3616 corporibus

453 3652 845 3729 (tironibus)
897 3652 1122 3733 pretia
1168 3658 1469 3729 (aurum)
1496 3652 1752 3716 inferre
1781 3649 1857 3734 5).
1888 3651 2261 3717 Praeterea
2276 3651 2422 3733 jam
2451 3651 2786 3717 Aurelius
2812 3653 3018 3717 Arca·

458 3770 610 3834 dius
681 3769 1037 3834 Charisius
1106 3769 1205 3847 (L.
1285 3770 1387 3834 18.
1441 3774 1477 3847 ἓ
1530 3770 1570 3833 3
1620 3770 1768 3851 Dig.
1821 3770 1892 3834 L.
1937 3771 2000 3846 4)
2072 3769 2259 3834 inter
2313 3787 2605 3835 munera
2653 3776 3047 3834 enumerat·

461 3889 808 3972 „tironum
855 3889 1008 3953 sive
1057 3905 1392 3969 equorum
1441 3885 2041 3969 productionem”,
2089 3904 2267 3967 quae
2318 3889 2533 3953 verba
2579 3888 2843 3970 scripta
2864 3904 3018 3953 esse

456 4008 735 4071 constat
789 4009 957 4070 ante
1012 4023 1275 4071 annum
1327 4008 1459 4071 333
1487 4001 1558 4083 6).
1607 4007 1854 4086 Itaque
1904 4007 2015 4071 hic
2064 4006 2601 4087 conscriptionis
2651 4006 2898 4071 modus
2946 4006 3016 4070 in

528 4146 566 4210 ¹)
640 4145 1013 4213 RssvuLour,
1051 4145 1273 4214 Revue,
1310 4147 1423 4201 etc.
1460 4146 1569 4202 111.
1605 4161 1659 4215 p.
1697 4146 1822 4202 223.

524 4234 566 4299 ¹)
636 4233 960 4303 Momasrm,
1007 4233 1127 4289 Das
1162 4234 1459 4291 romische
1496 4234 1925 4291 Militarwesen
1961 4235 2078 4289 seit
2115 4233 2466 4290 Diocletian.
2502 4233 2758 4290 Hermes
2791 4232 3021 4289 XXIV.

457 4319 700 4473 234513·
737 4407 789 4462 2.
826 4408 884 4462 G.
925 4406 1032 4463 Th.
1069 4407 1203 4463 VII.
1242 4408 1325 4464 13.

521 4494 564 4559 ⁴)
634 4496 837 4550 Amm.
874 4495 1047 4550 Marc.
1085 4495 1257 4552 XIX.
1293 4496 1376 4551 11.
1418 4496 1591 4566 „pro”
1627 4496 1929 4553 insertum
1966 4498 2063 4553 est
2098 4511 2135 4553 3
2170 4497 2295 4552 viro
2334 4496 2390 4552 d.
2426 4495 2812 4552 HAn‘ruAmr.

525 4590 565 4655 ⁸)
603 4590 665 4645 L.
720 4591 794 4645 M.
851 4590 1233 4662 Han-ruma,
1282 4592 1478 4647 Ueber
1531 4592 1646 4648 den
1701 4594 2042 4650 romischen
2081 4593 2331 4649 Colonat
2369 4591 2494 4648 und
2531 4592 2739 4647 seinen
2778 4592 3019 4648 Zusam-
3090 4608 3097 4617 ·

457 4678 761 4746 monhang
813 4679 926 4734 mit
973 4680 1109 4735 dem
1158 4680 1638 4736 Militardienste.
1674 4681 2063 4750 Aron-epigr.
2100 4681 2254 4737 Mitt.
2290 4694 2403 4736 aus
2441 4678 2785 4748 Oest.·Ung.
2822 4679 3019 4737 XVII.

457 4764 652 4832 (1894)
691 4781 749 4835 p.
787 4765 904 4821 133.

531 4851 571 4918 ⁶)
607 4851 748 4907 ibid.
784 4866 838 4920 p.
878 4852 996 4908 134.
