3770 5738
1674 501 1755 567 17

515 701 580 765 4.
648 700 912 767 Eodem
966 701 1109 766 fere
1170 703 1488 782 tempore
1551 717 1686 782 quo
1757 700 1987 765 coloni
2034 700 2252 766 etiam
2300 701 2507 766 multi
2555 701 2676 766 alii
2725 701 3005 767 ordines

426 819 499 884 in
547 822 969 901 perpetuum
1016 819 1404 885 condicioni
1453 835 1621 884 suae
1669 819 1996 884 adstricti
2045 821 2235 883 sunt.
2285 818 2532 901 Itaque
2571 822 2644 884 et
2677 821 2748 885 in
2774 819 3008 901 hujus·

426 937 614 1002 modi
664 934 1154 1003 ‘matrimoniis
1216 937 1634 1019 promiscuis
1710 937 1793 1002 de
1867 937 2273 1002 condicione
2339 936 2712 1003 liberorum
2762 938 3009 1019 dijudi-

429 1056 734 1122 candum
802 1059 956 1121 erat
985 1053 1057 1131 1).
1131 1056 1230 1121 De
1282 1073 1419 1137 qua
1466 1072 1540 1121 re
1589 1058 1829 1121 autem
1884 1056 2167 1121 nonnisi
2219 1073 2481 1137 paucae
2531 1057 2721 1137 leges
2768 1058 3009 1122 certio·

427 1191 542 1240 res
599 1192 728 1239 nos
795 1174 1098 1255 faciunt3
1157 1175 1324 1256 quin
1375 1174 1600 1239 multo
1647 1174 1883 1255 plures
1940 1175 2315 1239 extiterint
2363 1175 2486 1239 vix
2533 1178 2645 1240 est
2690 1175 3010 1241 dubitan-

433 1294 620 1358 dum.
688 1293 965 1359 Scimus
1037 1293 1419 1358 Arcadium
1481 1296 1556 1358 et
1602 1292 1992 1359 Honorium
2040 1294 2495 1358 constituisse
2541 1297 2626 1359 ut
2673 1293 2873 1359 liberi
2921 1311 3009 1358 ex

435 1412 805 1493 collegiato
855 1415 929 1477 et
978 1412 1219 1477 colono
1272 1413 1426 1476 sive
1474 1411 1820 1492 inquilino
1870 1412 2021 1477 nati
2069 1412 2257 1476 inter
2306 1412 2495 1476 illius
2543 1412 2911 1477 civitatem
2939 1414 3012 1476 et

441 1530 647 1611 hujus
701 1530 1062 1595 dominum
1115 1531 1600 1595 dividerentur
1629 1527 1699 1611 2).
1745 1529 2108 1611 ‚Quomodo
2159 1530 2228 1594 in
2278 1530 2577 1610 singulis
2610 1530 2821 1595 rebus
2845 1530 3014 1595 talis

440 1647 691 1713 divisio
762 1648 962 1713 fieret
1027 1648 1348 1713 additum
1423 1666 1561 1713 non
1634 1651 1764 1713 est.
1839 1646 1910 1713 Si
1967 1648 2111 1713 filia
2160 1648 2740 1730 conchylioleguli
2789 1651 3012 1729 nupta

441 1769 595 1832 erat
642 1768 910 1847 colon0,
959 1784 1200 1832 eorum
1248 1767 1451 1832 liberi
1502 1767 1762 1833 saltem
1807 1770 1971 1849 post
2017 1767 2240 1847 legem
2271 1766 2639 1834 Theodosii
2665 1770 2738 1832 et
2762 1766 3012 1832 Valen-

443 1885 717 1968 tiniani,
789 1886 907 1966 qui
973 1886 1057 1950 de
1121 1886 1252 1950 hac
1316 1903 1390 1951 re
1451 1886 1599 1967 egit
1664 1885 1755 1969 (a.
1806 1885 1992 1968 427),
2052 1888 2325 1950 statum
2372 1887 2795 1967 maternum,
2844 1887 3012 1951 ante

442 2005 567 2069 hoc
618 2008 904 2085 tempus
954 2007 1196 2069 autem
1245 2006 1616 2086 paternum
1660 2005 2118 2085 acquirebant
2144 1999 2221 2087 ³).
2256 2002 2326 2069 Si
2356 2004 2772 2085 originarius
2795 2004 3010 2069 filiam

441 2122 722 2187 curialis
768 2138 1062 2188 uxorem
1113 2123 1341 2206 duxit,
1392 2122 1705 2203 collegiis
1752 2122 2137 2204 deputetur
2162 2118 2235 2199 ⁴).

509 2334 547 2402 ¹)
603 2332 686 2389 cf.
742 2333 952 2389 Seeck.
1007 2333 1371 2389 Geschichte
1428 2335 1533 2389 des
1578 2332 1972 2402 Untergangs
2022 2333 2128 2389 der
2161 2333 2415 2390 antiken
2453 2331 2634 2402 weit,
2679 2333 2759 2389 ΙΙ.
2795 2349 2850 2403 p.
2887 2334 3008 2390 325.

441 2422 536 2476 An
597 2421 855 2476 manche
907 2420 1152 2489 stando,
1212 2421 1588 2477 namentlich
1625 2422 1742 2476 den
1780 2420 2145 2477 Decurionat
2181 2421 2305 2476 und
2342 2421 2457 2476 den
2495 2420 2761 2488 Colonat‚
2801 2421 3009 2476 wurde

441 2521 583 2563 man
642 2507 834 2563 durch
889 2507 983 2562 die
1036 2508 1427 2563 mutterliche
1483 2509 1941 2578 Abstammung
1996 2508 2343 2576 gebunden;
2399 2522 2515 2562 nur
2565 2508 2822 2576 ergaben
2875 2507 3007 2563 sich

434 2593 673 2650 hieraus
728 2594 1288 2663 Schwierigkeiten‚
1344 2609 1527 2650 wenn
1584 2595 1683 2651 ein
1738 2594 1893 2651 Paar
1944 2595 2076 2650 sich
2131 2594 2477 2662 vereinigte.
2531 2594 2748 2650 dessen
2814 2593 3005 2650 Fami·

439 2681 560 2737 lien
617 2681 1093 2737 verschiedenen
1132 2680 1644 2750 Korperschaften
1688 2681 2066 2747 „dienstbar”
2105 2681 2448 2749 (obnoxius)
2484 2695 2710 2753 waren,
2745 2682 2862 2736 wie
2904 2681 3011 2737 der

439 2769 793 2824 technische
848 2768 1172 2824 Ausdruck
1227 2769 1471 2824 lautete.
1532 2768 1660 2825 Den
1713 2767 1979 2824 Conflikt
2022 2768 2127 2824 der
2164 2768 2480 2836 Pfiichten‚
2519 2768 2624 2823 der
2659 2768 2878 2823 daraus
2912 2767 3010 2823 fur

440 2855 535 2913 die
595 2854 1060 2912 Nachkommen
1113 2855 1420 2924 entstand,
1476 2856 1815 2925 beseitigte·
1843 2855 1937 2913 die
1997 2854 2460 2925 Gesetzgebung
2492 2855 2556 2911 in
2594 2854 2736 2911 sehr
2772 2855 3007 2926 compli-

434 2944 652 2999 zierter
687 2943 810 2998 und
849 2943 1071 2999 hochst
1108 2943 1596 3013 mannigfaltiger
1633 2943 2043 3008 Weise;·aber
2076 2944 2174 2999 ein
2199 2942 2544 2999 Grundsatz
2563 2943 3009 2999 wurdeimmer

439 3030 611 3086 dabei
660 3029 1101 3099 festgehalten:
1162 3046 1305 3086 man
1362 3032 1749 3101 begfinstigte
1812 3031 2176 3099 denjenigen
2226 3030 2434 3100 stand,
2472 3031 2577 3086 der
2610 3045 2707 3086 am
2745 3031 3006 3087 meisten

436 3117 1224 3174 zusammenzuschwinden
1284 3118 1514 3188 drohte‚
1572 3119 1706 3175 weil
1761 3133 1826 3174 er
1879 3119 2046 3174 seine
2084 3117 2515 3187 Angehorigen
2551 3132 2652 3173 am
2688 3117 3002 3174 hartesten

438 3205 657 3274 qualte.
2405 3247 2412 3254 .

509 3294 551 3362 ¹)
604 3292 668 3347 L.
720 3293 767 3347 1.
821 3291 880 3348 C.
935 3292 1043 3348 Th.
1096 3291 1236 3348 XII.
1295 3293 1377 3348 19.
1433 3292 1772 3348 Destitutae
1837 3292 2190 3348 ministeriis
2263 3292 2541 3348 civitates
2606 3291 3004 3361 splendorem,

439 3394 556 3448 quo
624 3379 852 3448 pridem
920 3380 1250 3449 nituerant,
1304 3379 1661 3448 amiserunt,
1716 3379 1960 3448 plurimi
2014 3379 2065 3434 si
2119 3379 2364 3448 quidem
2418 3378 2714 3448 collegiati
2768 3379 3003 3435 cultum

440 3467 681 3522 urbium
731 3466 1094 3530 deserentes,
1131 3467 1434 3535 agrestem
1467 3466 1656 3521 vitam
1694 3467 1906 3533 secuti,
1943 3467 2005 3521 in
2043 3467 2275 3522 secreta
2310 3481 2442 3522 sese
2473 3468 2536 3522 et
2553 3466 2726 3523 devia
2742 3467 3003 3523 contule·

437 3554 602 3609 runt.
658 3553 773 3609 Sed
826 3553 975 3609 talia
1020 3553 1264 3622 ingenia
1300 3553 1647 3621 huiusmodi
1685 3554 2046 3609 auctoritate
2084 3554 2474 3624 destruimus,
2513 3554 2600 3625 ut,
2639 3554 3005 3623 ubicumque

436 3648 732 3696 terrarum
769 3642 986 3711 reperti
1003 3640 1245 3706 fuerint,
1272 3642 1347 3696 ad
1381 3640 1574 3696 officia
1593 3656 1705 3696 sua
1723 3642 1854 3696 sine
1874 3641 2062 3696 ullius
2081 3641 2218 3696 nisu
2238 3640 2617 3710 exceptionis
2632 3642 3007 3697 revocentur.

439 3727 523 3783 De
577 3742 786 3783 eorum
839 3742 980 3784 vero
1037 3728 1193 3795 filiis,
1250 3729 1351 3797 qui
1408 3730 1616 3784 tamen
1672 3728 1834 3783 intra
1897 3728 2008 3783 hos
2059 3728 2332 3797 proxime
2382 3729 2780 3797 quadraginta
2813 3741 3006 3784 annos

438 3816 816 3871 docebuntur
868 3815 1055 3871 fuisse
1108 3816 1391 3883 suscepti,
1451 3816 1599 3871 haec
1658 3815 1851 3871 forma
1905 3816 2262 3882 servabitur,
2304 3818 2376 3872 ut
2409 3817 2570 3871 inter
2606 3816 2914 3871 civitatem
2943 3816 3007 3871 et

437 3917 555 3971 ece,
592 3917 847 3971 quorum
882 3903 1210 3972 inquilinae
1247 3903 1340 3958 vel
1379 3903 1623 3958 colonas
1664 3903 1757 3958 vel
1796 3902 2046 3958 ancillas
2085 3903 2390 3973 duxerint,
2428 3902 2905 3969 dividantur3ita
2935 3902 3005 3957 ut

439 3989 498 4045 in
538 3989 883 4045 ulteriorem
922 3990 1174 4058 gradum
1212 3991 1398 4046 missa
1434 3990 1737 4046 successio
1774 3989 2007 4045 nullam
2045 3990 2411 4046 calumniam
2449 3990 2880 4059 perhorrescat.

510 4077 551 4146 ³)
594 4077 674 4134 J..
712 4077 798 4131 17.
835 4076 896 4132 C.
932 4077 1041 4133 Th.
1079 4077 1156 4132 X.
1192 4078 1278 4135 20.
1337 4078 1556 4145 Placet,
1615 4078 1664 4132 si
1721 4076 2378 4147 conchyliolegulorum
2434 4077 2589 4132 filiae
2637 4076 3003 4132 condicionis

396 4227 412 4248 ι
437 4164 670 4220 alienae
707 4165 1027 4233 nupserint
1059 4165 1224 4235 viria,
1259 4165 1361 4234 qui
1398 4179 1475 4221 ex
1513 4165 1659 4233 ipsis
1692 4163 1921 4220 fuerint
1942 4165 2249 4234 procreati,
2286 4164 2361 4219 ab
2384 4178 2453 4219 eo
2479 4165 2748 4232 tempore
2770 4177 3000 4218 nexum

441 4253 748 4307 maternae
783 4251 1207 4321 adscriptionis
1242 4255 1595 4321 agnoscant,
1631 4265 1709 4306 ex
1746 4266 1863 4320 quo
1901 4251 2341 4320 promulgatam
2381 4265 2563 4320 super
2582 4250 2694 4305 hoc
2715 4264 3002 4319 cognove-

442 4338 565 4393 rint
618 4338 832 4407 legem.
890 4338 976 4395 De
1013 4339 1109 4395 his
1143 4352 1301 4408 vero,
1338 4353 1490 4409 quos
1525 4340 1670 4394 ante
1704 4353 1836 4394 eam
1876 4340 2053 4394 natos
2088 4352 2220 4393 esse
2258 4338 2614 4406 constiterit,
2651 4336 2998 4406 huJ‘usmodi

442 4423 629 4480 forma
680 4428 971 4488 servetur.
1030 4427 1116 4493 ut,
1177 4426 1304 4482 sive
1355 4425 2011 4494 conchyliolegulorum
2067 4439 2175 4481 seu
2212 4424 2652 4493 adscriptorum
2688 4425 3002 4494 progenies

443 4511 622 4568 fuerit
678 4512 1039 4578 colonorum,
1096 4514 1410 4581 paternam
1465 4513 1710 4568 tantum
1766 4513 2181 4568 condicionem
2232 4513 2583 4580 sequantur.
2619 4511 2681 4566 si
2719 4512 2999 4580 quivero

447 4601 580 4667 post
640 4600 836 4669 legem
903 4601 1013 4656 aut
1075 4600 1243 4668 patre
1310 4599 1832 4669 conchyliolegulo
1897 4601 2085 4670 geniti
2154 4598 2567 4669 probabuntur
2625 4601 2735 4655 aut
2789 4601 2998 4668 matre,

450 4671 809 4743 memoratae
844 4687 1234 4756 adscriptioni
1272 4687 1563 4742 obnoxios
1599 4701 1664 4742 se
1700 4702 1833 4742 esse
1871 4702 1992 4744 non
2032 4687 2359 4756 ambigant.

511 4771 552 4837 ⁴)
587 4772 736 4829 Nov.
794 4775 926 4845 Mai.
989 4774 1122 4830 VII.
1161 4775 1197 4842 ἓ
1234 4775 1285 4830 5.
1308 4765 1611 4830 'Similiter
1645 4775 1696 4829 si
1732 4789 1907 4830 servo
1943 4790 2054 4831 suo
2088 4774 2276 4831 actori
2312 4774 2798 4843 procuratorique
2835 4771 2998 4828 ullus

456 4855 630 4916 filiam
681 4861 958 4930 junxerit
1012 4862 1273 4932 curialiS,
1332 4864 1441 4918 aut
1476 4864 1637 4918 certe
1674 4863 1955 4931 ,iunctam
2011 4876 2144 4918 esse
2195 4861 2549 4931 permiserit,
2585 4863 2660 4934 et,
2683 4875 2803 4916 non
2841 4860 3000 4915 intra

2685 4957 2720 5010 2
