3770 5738
1692 520 1778 584 75

523 716 863 797 Pleraque
936 734 1114 797 quae
1189 717 1458 782 tradita
1527 721 1695 782 sunt
1769 718 1850 782 de
1917 718 2410 798 jurisdictione
2481 719 2670 784 inter
2717 719 3000 784 colonos

430 836 793 918 pertinent
865 836 953 900 ad
1025 836 1507 916 possessiones
1565 836 2054 917 imperatorias
2104 841 2177 903 et
2229 838 2524 902 fiscales
2619 837 2846 919 Supra
2895 838 3000 902 de-

433 956 914 1019 monstratum
990 956 1101 1018 est
1173 954 1300 1018 has
1372 971 1510 1018 non
1584 958 1857 1034 partem
1931 956 2243 1019 effecisse
2317 956 2528 1020 ullius
2598 956 2997 1037 municipii;
3095 999 3110 1022 .

434 1073 726 1137 stabant
796 1072 1014 1152 igitur
1089 1074 1294 1136 extra
1359 1071 1925 1151 Jurisdictionem
1981 1074 2498 1155 municipalem.
2593 1074 3002 1139 Jurisdictio

436 1191 619 1255 inter
691 1207 811 1256 eos
883 1208 1096 1271 penes
1167 1191 1630 1269 magistratus
1702 1195 1855 1255 erat
1913 1195 1986 1255 et
2034 1193 2405 1272 praecipue
2453 1193 2913 1257 exercebatur
2959 1210 3001 1256 a

434 1312 907 1390 procuratore,
955 1309 1207 1389 quippe
1256 1309 1373 1388 qui
1425 1310 1867 1390 imperatoris
1917 1310 2146 1374 locum
2195 1311 2568 1375 obtineret.
2665 1311 2998 1375 Constan-

435 1429 631 1492 tinus
725 1429 987 1492 statuit
1084 1428 1248 1491 lites
1340 1444 1515 1508 quas
1609 1428 1832 1493 coloni
1928 1428 2256 1493 dominici
2332 1433 2404 1494 et
2467 1429 2998 1510 patrimoniales

437 1547 778 1611 haberent
847 1546 1035 1610 inter
1103 1563 1178 1609 se
1251 1543 1743 1628 dijudicandas
1814 1564 1968 1611 esse
2033 1546 2360 1611 rationali
2425 1565 2742 1612 summae
2799 1549 2898 1613 rei
2928 1545 2997 1624 ¹).

441 1733 670 1798 dente):
709 1732 893 1786 talem
932 1744 1064 1786 esse
1100 1744 1283 1799 super
1317 1731 1624 1786 redituum
1663 1732 1756 1786 vel
1793 1732 2169 1799 publicarum
2193 1731 2578 1787 functionum
2598 1733 3001 1800 praestatione

441 1819 692 1874 formam
730 1833 1066 1887 censemuS,
1106 1820 1192 1882 ut,
1219 1818 1269 1871 si
1291 1818 1444 1872 tales
1464 1818 1673 1885 coloni,
1694 1818 1903 1885 quales
1928 1833 2110 1886 supra
2137 1818 2423 1885 diximus,
2450 1819 2736 1874 idoneum
2765 1819 2999 1888 fidejus·

441 1921 643 1962 sorum
700 1906 890 1961 totius
946 1920 1222 1960 summae
1281 1920 1433 1975 quae
1488 1906 1561 1960 ab
1600 1906 1696 1960 his
1734 1906 2097 1974 dependitur
2133 1906 2560 1974 praestiterint,
2598 1907 2756 1974 quod
2791 1921 3001 1961 omnes

443 1994 670 2049 reditus
725 1993 859 2048 sine
914 1994 1037 2047 ulla
1090 1994 1647 2062 procrastinatione,
1702 1994 1753 2047 si
1802 1994 2013 2048 melior
2048 2008 2230 2049 causa
2266 1994 2647 2049 dominorum
2679 1993 3000 2063 judicetur,

440 2082 524 2136 eis
577 2081 921 2145 restituent,
975 2082 1039 2136 et
1092 2080 1231 2136 talis
1283 2080 1601 2149 fidejussor
1649 2094 1751 2148 per
1808 2080 2138 2135 triennium
2165 2081 2496 2148 accipiatur
2530 2096 2718 2149 eoque
2755 2081 3000 2150 impleto

440 2168 660 2224 iterum
684 2170 1022 2236 renovetur,
1038 2168 1231 2223 coloni
1253 2168 1315 2222 in
1339 2168 1532 2222 medio
1554 2167 1721 2222 nullo
1742 2168 1917 2222 modo
1939 2182 2119 2236 super
2137 2168 2429 2222 reditibus
2447 2183 2482 2222 a
2501 2168 3000 2236 dominisinquie·

439 2256 666 2311 tentur.
703 2254 807 2310 Sin
828 2257 1032 2310 autem
1060 2256 1172 2310 hoc
1191 2256 1380 2310 coloni
1404 2255 1654 2309 minime
1674 2253 1863 2309 facere
1885 2255 2188 2310 voluerint
2204 2255 2299 2309 vel
2318 2255 2646 2325 potuerint,
2665 2257 2812 2311 tunc
2840 2256 3001 2311 idem

440 2343 671 2398 reditus
706 2357 810 2411 per
846 2342 1108 2397 officium
1132 2343 1355 2410 judicis
1373 2342 1563 2396 annui
1583 2343 1909 2409 exigantur
1929 2357 2033 2411 per
2051 2343 2228 2397 solita
2249 2344 2536 2411 tempora,
2556 2342 2619 2397 in
2646 2357 2797 2410 quae
2818 2344 3001 2398 etiam

440 2430 700 2485 dominis
738 2430 1246 2501 dependebantur,
1285 2433 1346 2483 et
1381 2430 1763 2497 deponantur
1792 2430 1854 2483 in
1894 2429 2038 2484 aede
2075 2444 2261 2497 sacra,
2299 2429 2358 2483 id
2396 2429 2575 2485 estin
2601 2429 3002 2486 cimeliarchio

439 2517 718 2584 civitatis,
756 2518 868 2571 sub
906 2531 1026 2585 qua
1061 2517 1358 2585 possessio
1396 2517 1512 2572 sita
1546 2519 1657 2582 est,
1695 2517 1789 2571 vel
1825 2517 1873 2571 si
1914 2517 2119 2571 localis
2157 2517 2404 2572 ecclesia
2439 2517 2513 2571 ad
2553 2518 3001 2586 susceptionem

439 2604 830 2673 pecuniarum
874 2590 1101 2659 ‘idonea
1154 2619 1274 2659 non
1318 2605 1413 2671 sit,
1451 2604 1511 2658 in
1552 2604 2019 2671 metropolitana
2055 2604 2320 2671 ecclesia,
2361 2604 2430 2658 ut
2470 2606 2826 2659 remaneant
2862 2619 3001 2659 cum

442 2691 607 2747 omni
664 2692 902 2746 cautela
954 2692 1016 2746 et
1075 2694 1211 2760 post
1269 2690 1685 2759 plenissimam
1741 2690 2154 2746 definitionem
2209 2691 2304 2745 vel
2352 2691 2614 2746 dominis
2652 2691 2872 2746 dentur
2906 2693 3002 2747 vel

441 2779 670 2833 colonis
724 2779 1148 2833 restituantur.
1204 2778 1309 2833 Sin
1367 2779 1575 2833 autem
1630 2778 1863 2833 reditus
1920 2793 2038 2833 non
2094 2779 2157 2832 in
2216 2793 2380 2843 aur0,
2435 2779 2637 2833 sedin
2688 2778 3001 2848 specieb'us

446 2865 812 2935 inferuntur,
850 2866 945 2921 vel
984 2867 1044 2921 in
1085 2866 1284 2921 totum
1323 2866 1419 2920 vel
1457 2880 1533 2920 ex
1572 2866 1760 2934 parte,
1797 2865 2040 2920 interim
2081 2881 2185 2934 per
2221 2865 2484 2921 officium
2514 2865 2735 2934 judicis
2770 2864 3005 2921 fructus

441 2954 787 3010 vendantur
852 2955 914 3008 et
970 2955 1160 3022 pretia
1215 2968 1425 3008 eorum
1482 2953 1819 3008 secundum
1874 2953 2251 3021 praedictum
2307 2954 2554 3009 modum
2608 2954 3004 3022 deponantur.

441 3040 604 3096 Haec
657 3041 730 3096 de
784 3041 1078 3096 reditibus
1133 3041 1492 3095 definientes
1547 3041 1622 3094 ad
1678 3040 1950 3108 publicas
2003 3043 2388 3096 transeamus
2425 3041 2790 3096 functiones
2841 3042 2917 3097 Et
2952 3041 3002 3096 si

440 3127 682 3197 quidem
720 3129 911 3184 coloni
949 3143 1113 3183 more
1150 3128 1326 3183 solito
1363 3142 1464 3182 eas
1502 3127 1863 3196 dependant,
1899 3128 2013 3195 ipsi
2051 3130 2340 3183 maneant
2374 3129 2438 3184 in
2474 3129 2732 3196 pristina
2760 3142 3001 3183 consue·

442 3216 669 3284 tudine,
725 3215 891 3270 nullo
946 3215 1306 3284 praejudicio
1355 3215 1616 3270 dominis
1652 3215 2011 3282 generando,
2048 3216 2150 3283 qui
2187 3217 2246 3269 et
2283 3216 2740 3284 quiescentibus
2776 3215 3002 3270 colonis

444 3304 504 3357 et
554 3317 677 3358 non
732 3303 1287 3358 contradicentibus
1341 3303 1416 3356 ad
1461 3302 1767 3368 publicum
1806 3301 2153 3356 tributarias
2190 3302 2534 3357 functiones
2571 3303 2820 3357 minime
2861 3302 3001 3356 infe·

445 3390 676 3445 rebant.
733 3389 838 3444 Sin
892 3391 1100 3444 autem
1150 3389 1333 3444 moris
1370 3390 1499 3443 erat
1534 3389 1807 3444 dominos
1847 3391 2037 3443 totam
2077 3403 2381 3443 summam
2419 3390 2685 3458 accipere
2721 3391 2785 3444 et
2819 3404 2897 3443 ex
2933 3403 3002 3443 ea

444 3480 671 3544 partem
709 3476 949 3545 quidem
984 3476 1048 3531 in
1086 3477 1357 3545 publicas
1394 3478 1623 3530 vertere
1660 3475 2021 3543 functiones,
2046 3478 2277 3544 partem
2297 3477 2586 3531 autemin
2605 3491 2752 3532 suos
2772 3476 3002 3531 reditus

445 3563 680 3632 habere,
732 3565 898 3629 tunc,
958 3563 1009 3618 si
1058 3563 1302 3632 quidem
1360 3563 1678 3630 fidejussor
1714 3578 1749 3617 a
1786 3562 2014 3617 colonis
2053 3564 2249 3631 detur,
2282 3563 2544 3618 eundem
2584 3563 3000 3631 fideJussorem

445 3649 703 3706 dominis
755 3650 884 3704 sine
938 3650 1300 3719 praejudicio
1356 3650 1485 3704 litis
1539 3651 1773 3704 tantam
1829 3663 2134 3704 summam
2173 3649 2407 3718 inferre,
2445 3652 2738 3720 quantam
2777 3650 3003 3705 tributa

444 3737 681 3805 publica
716 3737 961 3805 faciunt,
1001 3738 1070 3792 ut
1106 3752 1141 3791 a
1176 3737 1437 3792 dominis
1474 3737 1730 3805 publicis
1768 3736 2122 3804 rationibus,
2161 3739 2566 3806 persolvatur;
2604 3738 2770 3792 nullo
2790 3752 2866 3792 ex
2888 3737 2999 3792 hoc

445 3825 673 3881 colonis
719 3825 1081 3893 praejudicio
1129 3825 1489 3892 generando.
1557 3824 1748 3891 Super
1801 3824 2094 3879 reditibus
2149 3826 2308 3879 enim
2368 3825 2594 3881 domini
2648 3825 3001 3892 fidejussore

445 3911 592 3968 flant
646 3912 934 3967 contenti.
991 3912 1096 3967 Sin
1151 3914 1359 3967 autern
1413 3911 1801 3978 fideiussione
1860 3913 2134 3966 cessante
2176 3913 2250 3966 ad
2307 3913 2850 3980 sequestrationem
2907 3926 3002 3966 res

444 4000 646 4055 veniat-
687 4000 751 4053 et
784 3999 1074 4067 pecuniae
1112 3998 1507 4067 deponantur,
1544 4012 1621 4053 ex
1659 4012 1867 4053 eorum
1905 4013 2146 4053 summa
2183 4001 2418 4053 tantam
2449 3999 2671 4067 jndicis
2710 4012 2999 4067 separare,

446 4087 673 4154 quanta
708 4086 781 4140 ad
817 4086 1088 4155 publicas
1124 4085 1389 4140 sufficiat
1422 4085 1783 4153 functioneS,
1802 4088 1863 4140 et
1892 4100 2024 4140 eam
2052 4086 2364 4155 disponere
2384 4086 2699 4141 dominum
2718 4086 3000 4155 accipere,

444 4176 748 4241 quatenus
797 4174 922 4241 ipse
971 4187 1105 4228 eam
1142 4173 1491 4241 peisolvens
1527 4172 1798 4241 publicas
1833 4173 2089 4241 accipiat
2124 4174 2507 4229 securitates:
2548 4174 2776 4242 reliqua
2818 4187 2999 4241 quan-

444 4261 634 4329 titate,
672 4274 824 4329 quae
859 4261 922 4316 in
959 4261 1190 4316 reditus
1226 4275 1406 4329 puros
1442 4262 1734 4326 remanet,
1770 4261 1831 4315 in
1871 4262 2005 4315 tuto
2045 4260 2388 4316 collocanda
2423 4263 2486 4317 et
2519 4260 2648 4316 litis
2668 4261 3000 4316 terminum

445 4349 828 4416 expectante:
876 4348 1044 4403 nullo
1081 4348 1440 4416 praejudicio
1479 4348 1605 4402 sive
1643 4347 1873 4402 colonis
1911 4347 2038 4402 sive
2076 4348 2336 4402 dominis
2371 4362 2449 4403 ex
2483 4348 2835 4415 hujusmodi
2865 4347 3000 4403 fide·

441 4434 711 4501 jussione
748 4435 839 4489 vel
876 4435 1354 4503 sequestratione
1394 4434 1487 4488 vel
1505 4434 1881 4502 publicarum
1902 4434 2284 4490 functionum
2311 4434 2611 4490 solutione
2633 4435 2999 4504 generando:

449 4522 546 4576 sed
601 4521 765 4576 omni
819 4536 1000 4576 causa
1033 4521 1095 4575 in
1149 4535 1444 4589 suspenso
1482 4523 1784 4589 manente,
1820 4521 2008 4576 donec
2037 4521 2342 4588 judicialis
2377 4522 2699 4589 sententia,
2737 4535 2889 4589 quae
2928 4521 3000 4576 de

452 4609 572 4662 toto
610 4608 844 4676 negotio
882 4609 1163 4677 procedit,
1200 4622 1443 4664 omnem
1481 4623 1608 4663 rem
1645 4609 1875 4677 aperiat
1911 4611 1972 4663 et
2007 4608 2303 4674 ostendat,
2342 4610 2477 4676 quis
2502 4608 2784 4663 dominus
2805 4609 3001 4664 terrae

455 4694 820 4749 constitutus
875 4699 967 4751 est
1020 4696 1083 4749 et
1136 4695 1209 4749 ad
1263 4710 1443 4764 quem
1499 4695 1874 4763 publicarum
1929 4695 2305 4751 functionem
2359 4694 2650 4750 securitas
2705 4695 2885 4750 debet
2937 4695 3000 4750 in

458 4783 759 4848 posterum
794 4782 936 4851 fieri,
974 4797 1082 4837 seu
1122 4783 1351 4838 reditus
1389 4783 1483 4837 vel
1520 4783 1832 4851 pervenire
1870 4783 1964 4838 vel
2003 4796 2367 4852 permanere.

530 4867 567 4931 ¹)
604 4867 665 4922 L.
702 4867 752 4922 7.
787 4867 844 4923 C.
880 4869 933 4925 J.
971 4869 1079 4924 111.
1117 4870 1199 4924 26.
1238 4870 1310 4925 ad
1363 4870 1770 4938 Bulephorum
1818 4869 2173 4926 rationalem
2222 4855 2496 4924 summae
2532 4869 2631 4924 rei.
2671 4868 3002 4925 Dominicis
