3770 5738
1669 543 1790 608 171

480 738 782 821 StaateS,
835 757 912 804 so
960 740 1324 806 schreiben
1376 740 1485 805 die
1534 740 2042 806 Procuratoren
2096 741 2217 807 der
2262 741 2615 807 Domanen
2668 742 2779 806 die
2822 741 3041 807 Pacht

480 859 600 923 der
646 875 785 923 von
835 858 965 922 den
1022 857 1532 923 Gutsinsassen
1580 877 1666 923 zu
1691 858 2036 924 leistende
2062 859 2327 924 Gefalle
2353 858 2781 943 (vectigalia)
2807 877 3039 925 auS...

478 977 600 1042 Die
656 976 1386 1058 Uebereinstimmung
1411 976 1680 1041 sowohl
1709 977 1829 1041 des
1856 977 2294 1042 stadtischen
2321 978 2427 1042 als
2452 978 2575 1042 des
2600 978 3039 1046 domanialen

480 1095 978 1160 Pachtwesens
1025 1095 1156 1159 mit
1208 1095 1328 1159 der
1375 1095 1746 1175 Erhebung
1805 1096 1926 1160 der
1962 1095 2335 1175 vectigalia
2359 1095 2597 1177 populi
2625 1097 2920 1161 Romani
2949 1098 3042 1162 ist

478 1211 849 1295 frappant'’
880 1207 950 1295 ¹).
986 1250 1068 1258 —
1097 1212 1322 1293 Supra
1348 1213 1654 1277 vidimus
1680 1230 1945 1294 operaS,
1974 1231 2148 1294 quas
2173 1212 2398 1278 coloni
2424 1214 2830 1279 conductori
2856 1233 3043 1296 prae·

480 1333 696 1397 beban
705 1333 758 1414 t,
783 1332 946 1396 huic
971 1331 1272 1396 fortasse
1288 1332 1563 1396 debitas
1584 1348 1738 1396 esse
1758 1333 1956 1412 quasi
1975 1348 2336 1397 successor
2353 1334 2542 1397 esset
2559 1332 3041 1413 magistratus,

480 1450 597 1532 qui
646 1450 716 1515 in
768 1452 1056 1515 vetusto
1106 1450 1485 1531 municipio
1533 1449 1783 1515 fuerat.
1826 1479 1897 1495 --›
1928 1450 2170 1532 Capite
2196 1450 2418 1532 primo
2446 1450 2754 1515 vidimus
2779 1469 3042 1532 posses·

480 1543 673 1634 sores
752 1585 1004 1648 magna
1082 1585 1170 1633 ex
1241 1571 1440 1650 parte
1501 1567 2069 1648 jurisdictionem
2139 1570 2325 1633 inter
2394 1568 2658 1633 incolas
2728 1569 3042 1635 saltuum

481 1704 768 1752 suorum
837 1687 922 1751 ad
988 1703 1064 1751 56
1129 1687 1583 1751 transtulisse
1608 1683 1694 1767 ²);
1744 1688 1925 1767 quod
1977 1687 2239 1751 milites
2285 1686 2625 1752 invocare·
2660 1690 3045 1768 potuerunt

481 1806 729 1888 probat
774 1822 893 1872 eos
933 1805 1053 1886 ,ius
1100 1805 1541 1870 coercitionis
1589 1804 1938 1886 habuisse,
1989 1804 2158 1870 licet
2204 1805 2271 1869 id
2313 1807 2503 1871 esset
2544 1805 2804 1885 injuria
2830 1807 3045 1872 vindi-

482 1927 718 1989 catum
745 1918 831 2004 3);
904 1923 974 1987 id
1047 1940 1137 1988 ex
1176 1940 1257 1989 eo
1315 1940 1587 2005 quoque
1634 1924 1949 2005 apparet,
2000 1924 2180 2005 quod
2231 1924 2566 2005 permulti
2612 1941 3046 2005 possessores

483 2042 798 2124 privatos
850 2059 1165 2107 carceres
1213 2043 1281 2107 in
1333 2042 1635 2107 saltibus
1683 2042 1831 2107 suis
1878 2042 2254 2116 habebant,
2300 2046 2546 2107 contra
2574 2043 2753 2123 quod
2781 2044 3045 2108 malum

484 2161 892 2243 saepissime
957 2160 1146 2242 leges
1202 2162 1627 2241 promulgari
1681 2161 2031 2225 debebant
2059 2155 2128 2240 ⁴).
2192 2197 2254 2206 -
2317 2159 2818 2240 Praeterquam
2865 2162 3044 2243 quod

484 2280 593 2344 his
641 2279 1135 2361 potestatibus,
1200 2295 1374 2359 quas
1436 2279 1635 2359 quasi
1683 2279 2143 2360 magistratus
2191 2278 2546 2343 habebant
2591 2295 3046 2361 possessoreS,

485 2398 894 2479 obsequium
944 2397 1346 2462 colonorum
1394 2398 1623 2494 speqie
1671 2400 1744 2462 et
1770 2398 2050 2462 nomine
2076 2396 2469 2477 legitimum
2494 2396 2719 2463 videri
2742 2400 3046 2479 poterat,

488 2532 608 2580 eae
672 2518 1064 2597 potestates
1111 2515 1516 2612 imperatori
1564 2516 1839 2580 facilem
1892 2515 2237 2580 dederunt
2284 2515 2627 2580 rationem
2674 2515 3048 2581 adhaeren-

487 2634 661 2699 tiam
732 2633 1169 2716 sanciendae,
1242 2651 1398 2699 cum
1473 2633 1766 2698 formam
1799 2633 2173 2714 jnridicam
2239 2636 2712 2714 suggererent.
2764 2634 3050 2700 Civibus

491 2752 853 2833 municipii
932 2752 1101 2816 haec
1179 2752 1418 2832 regula
1489 2751 1804 2816 valebat:
1879 2752 2232 2816 neminem
2301 2753 2563 2836 origine
2635 2770 2764 2817 sua
2833 2754 3050 2818 eximi

487 2887 713 2953 posse,
785 2872 826 2936 i.
868 2888 924 2936 e.
992 2871 1342 2936 neminem
1392 2871 1604 2952 huJus
1650 2869 1874 2936 officia
1921 2871 2313 2937 detrectare
2354 2861 2558 2953 posse
2585 2867 2653 2953 5).
2707 2872 3065 2954 Quoniam·

487 2992 727 3055 autem
776 2990 1062 3054 colonus
1112 2990 1339 3055 incola
1383 2992 1538 3054 erat
1585 2989 1832 3070 saltuS,
1883 2989 2003 3069 qui
2045 2989 2406 3070 municipii
2434 2989 2580 3055 loco
2611 2993 2784 3073 erat,
2811 2991 3051 3057 colono

488 3125 623 3173 non
696 3108 952 3173 licebat
1017 3107 1478 3188 vectigalibus
1544 3111 1617 3173 et
1664 3107 1894 3188 operis
1941 3107 2206 3187 deesse,
2258 3112 2433 3188 quae
2481 3110 2886 3190 possessori,
2935 3111 3054 3190 qui

489 3227 689 3306 quasi
763 3226 1223 3306 magistratus
1288 3218 1461 3306 erat,
1539 3226 1857 3290 debebat.
1924 3225 2348 3307 Respublica
2396 3226 2508 3291 vel
2557 3227 2794 3307 potius
2843 3228 3054 3292 fiscus

489 3350 564 3410 et
632 3345 1031 3426 imperator,
1107 3344 1308 3425 cujus
1381 3344 1841 3426 commodum,
1899 3345 1981 3408 ut
2029 3362 2242 3426 supra
2305 3345 2868 3410 demonstratum
2920 3350 3051 3428 est,

491 3464 795 3528 maxime
846 3463 1269 3546 agitabatur,
1319 3479 1520 3543 opem
1572 3462 1953 3544 praestitit,
2003 3480 2162 3526 cum
2209 3462 2489 3528 colonos
2536 3464 2605 3527 in
2634 3466 3050 3546 perpetuum

492 3581 742 3662 origini
789 3581 1127 3646 vinciret:
1179 3580 1485 3645 reddidit
1531 3598 1650 3646 eos
1703 3579 2217 3665 „originarios”.

583 3698 681 3765 De
752 3699 963 3781 hujus
1028 3699 1220 3766 vocis
1276 3698 1786 3779 significatione
1837 3698 2069 3781 capite
2119 3699 2343 3780 primo
2383 3699 2531 3780 jam
2581 3697 2724 3763 dixi
2752 3694 2836 3781 ⁰):
2887 3699 3052 3764 olim

493 3817 672 3883 idem
745 3817 1148 3898 significans
1216 3835 1297 3882 ac
1370 3817 1581 3899 cives,
1653 3820 1727 3882 et
1785 3818 2185 3898 oppositum
2233 3816 2523 3899 incolae,
2571 3819 2815 3898 postea
2861 3835 3054 3883 usur·

495 3937 740 4017 patum
824 3938 935 4001 est
1022 3936 1108 4000 ad
1183 3935 1380 4000 varia
1448 3935 1811 4001 hominum
1883 3952 2138 4017 genera
2209 3934 2658 4017 designanda,
2731 3936 2849 4017 qui
2904 3936 3053 4016 lege

568 4202 610 4267 ¹)
646 4201 1016 4279 Summum,⁸
1053 4201 1179 4256 Lex
1233 4201 1424 4257 Mane.
1478 4216 1532 4270 p.
1586 4201 1675 4256 44.
1725 4200 2045 4269 Inscriptio
2098 4197 2446 4268 hujusmodi
2499 4200 2626 4254 est:
2665 4198 2805 4254 Salv
2831 4239 2879 4254 ..
2902 4240 2952 4253 ..
2987 4199 3051 4254 in

496 4288 593 4345 his
627 4288 884 4358 praediis
919 4289 1168 4357 privatis
1207 4287 1500 4355 [Janiani
1539 4287 1860 4343 Martiliani
1899 4286 1959 4342 C.
1996 4285 2066 4342 V.
2103 4285 2419 4355 vectigalia
2451 4285 2743 4341 locantur.

566 4378 612 4444 ²)
648 4375 800 4432 Vide
837 4390 968 4445 pag.
1012 4376 1098 4431 76.

568 4463 612 4531 ³)
650 4464 775 4518 Lex
832 4462 1062 4519 metalli
1117 4461 1503 4533 Vipascensis
1555 4463 1702 4531 ipsis
1755 4462 1957 4518 verbis
1991 4462 2355 4531 procuratori
2385 4461 2490 4530 Jus
2525 4460 2788 4517 mulctae
2825 4460 3055 4515 tribuit.

497 4551 573 4606 Et
608 4550 946 4607 secundum
997 4550 1059 4605 L.
1095 4551 1146 4605 2.
1181 4552 1215 4618 ᾗ
1250 4551 1301 4605 8.
1340 4550 1468 4618 Dig.
1505 4549 1575 4605 V.
1613 4551 1661 4605 1.
1698 4549 1813 4605 His
1849 4550 2030 4606 datur
2065 4549 2328 4605 mulctae
2365 4547 2649 4604 dicendae
2678 4548 2800 4617 jus,
2836 4548 3056 4617 quibus

498 4638 733 4708 publice
780 4637 1077 4706 judicium
1116 4639 1226 4693 est.
1266 4636 1348 4693 Cf.
1385 4638 1778 4708 BnAtmomn,
1816 4637 2039 4705 Revue,
2076 4638 2186 4691 etc.
2224 4635 2394 4691 XXI.
2430 4650 2485 4704 p.
2522 4635 2642 4705 596,
2678 4634 2798 4691 597.
2832 4634 2969 4690 adn.
3006 4636 3053 4690 1.

566 4727 608 4795 ⁴)
646 4725 797 4781 Vide
832 4739 965 4794 pag.
1002 4725 1088 4780 76.

567 4813 608 4882 ⁸)
646 4811 795 4868 Vide
832 4826 967 4881 pag.
1002 4813 1089 4867 38.

572 4900 611 4970 ⁶)
648 4898 786 4956 ibid.
