3770 5738
1651 507 1778 570 169

433 707 857 787 potestatem
926 704 1388 785 magistratus
1457 720 1781 769 exercere
1856 705 2135 785 poterat
2161 697 2232 785 1),
2292 705 2412 770 sed
2462 723 2505 769 a
2553 706 2997 789 conductore,

434 824 839 906 plerumque
883 823 1160 888 homine
1215 822 1476 887 illustri
1526 822 1809 903 quidem
1860 822 2008 887 loco
2049 826 2238 903 nate,
2266 824 2387 888 sed
2415 826 2655 889 tamen
2683 826 2994 906 privato:

433 943 839 1024 procurator
886 940 1295 1005 conductori
1345 939 1739 1005 indulserat
1792 943 1915 1023 „ut
1962 940 2198 1005 missis
2226 940 2573 1006 militibus
2599 943 2669 1006 in
2696 943 2995 1008 eundem

433 1060 694 1126 saltum
766 1058 1286 1123 Burunitanum
1357 1058 1630 1138 aliquos
1700 1061 2024 1123 nostrum
2094 1058 2520 1139 adprehendi
2592 1062 2666 1125 et
2727 1063 2991 1143 vexari,

433 1178 703 1259 aliquos
750 1177 1024 1256 vinciri,
1075 1176 1449 1242 nonnullos
1503 1175 1695 1241 cives
1742 1177 1960 1241 etiam
2011 1177 2360 1242 Romanos
2406 1159 2624 1258 virgis
2672 1181 2745 1244 et
2797 1179 2997 1245 fusti-

434 1297 564 1361 bus
611 1295 808 1361 caedi
851 1294 1216 1375 jusserit”.
1269 1293 1362 1359 Hi
1410 1294 1638 1359 coloni
1680 1295 1880 1360 liberi
1934 1296 2172 1376 erant3
2200 1296 2657 1362 adhaerentia
2687 1298 2997 1363 nondum

434 1414 504 1479 in
556 1414 743 1495 leges
782 1416 937 1479 erat
984 1415 1299 1494 recepta;
1344 1415 1582 1478 tamen
1636 1412 1901 1478 milites
1948 1414 2295 1478 auxilium
2339 1414 2577 1480 ferunt
2615 1418 2699 1481 ut
2716 1417 2998 1482 obnoxii

436 1549 716 1597 manere
776 1535 1152 1614 cogantur3
1225 1532 1352 1597 hoc
1415 1548 1553 1596 non
1603 1531 1914 1612 legitime
1962 1532 2230 1597 factum
2280 1549 2434 1598 esse
2482 1550 2569 1598 ex
2610 1535 2999 1600 abundanti

435 1667 522 1716 ex
570 1667 649 1716 eo
696 1653 1010 1732 apparet,
1064 1649 1245 1731 quod
1296 1649 1521 1714 coloni
1570 1658 1963 1731 queruntur
2012 1650 2094 1714 de
2142 1652 2271 1715 hac
2319 1667 2412 1715 re.
2462 1651 2710 1732 Itaque
2735 1670 2997 1734 posses-

435 1785 649 1851 sores,
700 1768 813 1834 vel
861 1785 1102 1834 eorum
1149 1768 1416 1850 vicarii,
1466 1785 1508 1833 a
1557 1768 1907 1833 ministris
1954 1769 2052 1833 rei
2102 1769 2420 1858 publicae
2460 1770 2608 1850 jam
2654 1771 2998 1836 auxilium

436 1887 871 1968 accipiebant
912 1889 993 1951 ut
1041 1886 1321 1951 colonos
1369 1887 1706 1984 obnoxios
1743 1888 2091 1968 tenerent,
2140 1890 2520 1968 antequam
2545 1888 2999 1954 adhaerentia

437 2005 746 2087 legitime
793 2008 867 2071 et
930 2005 1206 2086 publice
1254 2009 1408 2070 erat
1455 2004 1811 2069 instituta.
1863 2005 1943 2070 In
1992 2006 2121 2070 tali
2166 2006 2432 2072 auxilio
2472 2024 2610 2072 non
2663 2007 2996 2089 legitime,

440 2141 483 2189 a
542 2124 1073 2204 magistratibus
1144 2124 1257 2189 vel
1327 2124 1774 2188 auctoritatis
1841 2124 2161 2205 publicae
2235 2125 2672 2191 administris
2733 2144 2998 2208 posses-

440 2243 716 2309 soribus
788 2242 954 2325 lato,
1003 2242 1212 2306 initia
1256 2242 1487 2307 inesse
1536 2242 1706 2306 mihi
1753 2241 2110 2324 videntur,
2160 2259 2197 2307 e
2246 2244 2497 2324 quibus
2544 2244 3000 2310 adhaerentia

438 2363 595 2426 orta
662 2377 816 2426 esse
879 2359 1350 2425 existimanda
1397 2360 1512 2425 sit.
1560 2360 1732 2425 Inde
1779 2359 2043 2425 factum
2099 2363 2211 2426 est
2249 2397 2312 2408 —
2351 2365 2424 2427 et
2470 2362 2648 2443 quod
2691 2362 2821 2428 hoc
2866 2362 2998 2428 fac-

439 2482 592 2544 tum
639 2479 743 2543 ita
789 2479 1125 2559 explicari
1174 2481 1431 2560 potest,
1483 2479 1548 2543 id
1604 2480 1832 2560 ipsum
1873 2479 2069 2545 illam
2094 2480 2569 2562 conjecturam
2594 2497 2822 2546 meam
2846 2499 2998 2547 con-

439 2597 673 2663 firmat
701 2634 761 2643 -
821 2601 906 2662 ut
955 2599 1218 2679 primae
1268 2597 1476 2679 leges,
1527 2615 1703 2678 quae
1745 2599 1947 2664 nobis
1995 2599 2303 2664 traditae
2351 2602 2541 2680 sunt,
2590 2600 2764 2664 nihil
2811 2599 2997 2664 aliud

439 2717 917 2805 praescribant
988 2733 1195 2797 quam
1259 2716 1406 2793 hoc,
1459 2718 1540 2780 ut
1589 2716 1814 2781 coloni
1861 2715 2146 2797 fugitivi
2189 2717 2618 2782 reducantur
2665 2720 2738 2782 et
2784 2720 2866 2782 ut
2913 2734 3001 2782 ne

438 2835 539 2901 eis
590 2834 800 2901 licea-t
845 2833 1115 2917 fugere3
1167 2834 1295 2899 hae
1340 2834 1531 2914 leges
1577 2834 1795 2915 igitur
1842 2851 1965 2916 pro
2014 2851 2180 2901 vero
2228 2835 2585 2917 accipiunt
2629 2835 3001 2901 adhaeren-

436 2954 612 3019 tiam
650 2955 917 3035 extare,
967 2954 1085 3018 sed
1136 2953 1420 3018 eaedem
1464 2956 1873 3018 constanter
1922 2956 1996 3018 et
2044 2954 2326 3019 definite
2373 2971 2527 3019 eam
2574 2954 3002 3036 proclamare

437 3072 651 3137 etiam
737 3071 1221 3154 supersedent.
1314 3072 1500 3136 Talis
1598 3072 2075 3154 proclamatio,
2168 3089 2306 3154 qua
2399 3073 2695 3137 totidem
2767 3074 3002 3138 verbis

439 3190 836 3256 declaratur
905 3190 1187 3255 colonos
1257 3190 1404 3254 solo
1490 3190 1873 3255 adstrictos
1944 3206 2098 3255 esse
2169 3207 2392 3273 neque
2441 3208 2602 3271 ergo
2641 3191 2744 3256 eis
2794 3191 3001 3257 licere

441 3308 814 3390 discedere,
878 3309 947 3373 in
1020 3308 1463 3390 posteriobus
1515 3308 1786 3389 legibus
1833 3308 2115 3373 demum
2164 3309 2372 3374 inest.
2423 3309 2611 3391 Quae
2659 3310 2895 3375 omnia
2941 3311 3001 3375 si

440 3427 539 3492 ita
608 3430 801 3509 sunt,
879 3443 1015 3493 non
1092 3427 1565 3492 necessarium
1645 3430 1756 3492 est
1820 3443 2097 3492 sumere
2168 3427 2415 3508 legem,
2488 3444 2666 3507 quae
2716 3427 3001 3492 disertis

441 3545 673 3611 verbis
735 3544 1260 3611 adhaerentiam
1332 3545 1845 3627 constituisset,
1902 3545 2376 3627 inexplicabili
2424 3545 2625 3611 modo
2674 3546 2999 3627 periisse;

440 3663 652 3729 immo
698 3663 1054 3746 probabile
1107 3665 1219 3729 est
1263 3664 1531 3728 factum
1576 3664 1837 3745 primas
1884 3664 2093 3745 leges,
2142 3679 2320 3744 quae
2347 3663 2430 3728 de
2450 3663 2608 3744 Jure
2633 3663 3002 3730 colonatus

440 3783 746 3848 traditae
809 3784 999 3864 sunt,
1069 3799 1145 3847 re
1216 3799 1386 3847 vera
1431 3782 1695 3863 primas
1739 3781 1980 3864 fuisse,
2030 3798 2208 3862 quae
2250 3780 2333 3846 de
2382 3798 2462 3846 eo
2511 3782 2658 3846 sint
2705 3781 3000 3863 promul-

442 3904 645 3983 gatae
672 3897 764 3981 2);
834 3916 1256 3982 quamquam
1329 3899 1423 3982 id,
1497 3900 1760 3982 opinor,
1829 3898 1978 3964 fieri
2054 3900 2305 3981 potuit,
2356 3902 2438 3964 ut
2486 3916 2627 3964 una
2674 3900 3001 3981 pluresve

512 4172 554 4242 ¹)
589 4170 852 4228 Conferri
908 4174 1111 4241 potest
1166 4171 1343 4228 Plinii
1396 4170 1471 4226 ad
1526 4171 1850 4240 Trajanum
1906 4171 2079 4240 epist.
2131 4172 2219 4227 27.
2273 4171 2594 4242 Maximus,
2648 4171 2903 4227 libertus
2940 4173 3003 4227 et

445 4260 790 4329 procurator
833 4260 996 4326 tuus,
1034 4259 1292 4326 domine,
1328 4260 1565 4327 praeter
1601 4258 1808 4314 decem
1846 4258 2271 4328 beneficiarios,
2307 4272 2458 4327 quos
2495 4258 2798 4327 adsignari
2834 4272 2871 4314 a
2905 4273 3002 4314 me

445 4345 797 4415 Gemellino,
853 4347 1078 4416 optimo
1134 4348 1276 4415 vim,
1324 4346 1582 4416 jussisti,
1635 4346 1748 4401 sibi
1801 4360 2039 4415 quoque
2096 4345 2416 4402 confirmat
2468 4346 2834 4401 necessarios
2870 4360 3001 4401 esse

446 4433 686 4490 milites.
720 4434 811 4489 Ex
850 4433 946 4488 his
981 4433 1226 4489 interim
1249 4474 1262 4488 .
1284 4474 1297 4487 .
1319 4474 1332 4488 .
1355 4474 1384 4502 .,
1421 4434 1580 4489 sicut
1615 4433 1966 4489 inveneram
1991 4433 2054 4487 in
2073 4433 2408 4489 ministerio
2426 4432 2559 4500 ejus
2577 4432 3003 4501 relinquendos

447 4521 809 4587 existimavi,
864 4521 1215 4590 praesertim
1268 4536 1407 4577 cum
1464 4521 1538 4576 ad
1586 4519 1964 4576 frumentum
2001 4519 2465 4590 comparandum
2507 4520 2623 4575 iret
2655 4519 2719 4575 in
2758 4519 3003 4589 Paphla·

447 4609 706 4677 goniam.
744 4608 897 4675 Quin
937 4609 1118 4664 etiam
1159 4608 1385 4664 tutelae
1423 4622 1621 4673 causa,
1658 4607 1799 4675 quia
1817 4607 1903 4662 ita
1928 4606 2319 4676 desiderabat,
2344 4606 2546 4662 addidi
2573 4606 2725 4662 duos
2749 4607 3004 4675 equites,

516 4697 553 4757 ²)
593 4696 656 4751 L.
711 4697 760 4751 1.
811 4695 870 4751 C.
926 4695 1034 4751 Th.
1088 4695 1159 4751 V.
1210 4696 1263 4750 9.
1316 4709 1475 4751 anno
1529 4694 1648 4763 332,
1701 4694 1898 4763 prima
1950 4693 2050 4749 lex
2087 4694 2279 4749 estin
2315 4708 2433 4762 qua
2468 4695 2631 4749 certo
2668 4694 2893 4749 certius
2929 4693 3001 4750 de

445 4783 674 4839 colonis
728 4783 1196 4839 adhaerentibus
1252 4782 1467 4853 agitur.
1523 4782 1638 4838 Sed
1676 4780 1930 4837 fortasse
1959 4781 2088 4849 jam
2122 4781 2177 4837 is
2212 4780 2460 4837 colonus
2497 4780 2588 4836 vel
2626 4780 3001 4850 tributarius,

447 4870 519 4926 de
554 4884 674 4940 quo
707 4871 835 4941 agit
870 4871 931 4927 L.
972 4870 1023 4926 2.
1061 4869 1119 4926 C.
1158 4869 1267 4926 Th.
1300 4870 1407 4926 XI.
1444 4870 1495 4925 7.
1534 4873 1714 4937 (anno
1751 4869 1874 4939 319)
1912 4868 2039 4926 6010
2074 4868 2406 4925 adstrictus
2441 4870 2586 4925 erat.
