<?xml version="1.0" encoding="UTF-8"?>
<!DOCTYPE html PUBLIC "-//W3C//DTD XHTML 1.0 Transitional//EN"
    "http://www.w3.org/TR/xhtml1/DTD/xhtml1-transitional.dtd">
<html xmlns="http://www.w3.org/1999/xhtml" xml:lang="en" lang="en">
 <head>
  <title>
</title>
<meta http-equiv="Content-Type" content="text/html;charset=utf-8" />
  <meta name='ocr-system' content='tesseract 3.04.00' />
  <meta name='ocr-capabilities' content='ocr_page ocr_carea ocr_par ocr_line ocrx_word'/>
</head>
<body>
  <div class='ocr_page' id='page_1' title='image "./decolonaturoman00bolkgoog_0137.png"; bbox 0 0 3770 5738; ppageno 0'>
   <div class='ocr_carea' id='block_1_1' title="bbox 1637 518 1764 587">
    <p class='ocr_par' dir='ltr' id='par_1_1' title="bbox 1637 518 1764 587">
     <span class='ocr_line' id='line_1_1' title="bbox 1637 518 1764 587; baseline 0.016 -2"><span class='ocrx_word' id='word_1_1' title='bbox 1637 518 1764 587; x_wconf 85' lang='lat'>115</span> 
     </span>
    </p>
   </div>
   <div class='ocr_carea' id='block_1_2' title="bbox 411 719 2975 1395">
    <p class='ocr_par' dir='ltr' id='par_1_2' title="bbox 411 719 2975 1395">
     <span class='ocr_line' id='line_1_2' title="bbox 415 719 2967 804; baseline 0 -17"><span class='ocrx_word' id='word_1_2' title='bbox 415 725 542 804; x_wconf 81' lang='lat' dir='ltr'>est,</span> <span class='ocrx_word' id='word_1_3' title='bbox 606 722 784 803; x_wconf 96' lang='lat' dir='ltr'>quod</span> <span class='ocrx_word' id='word_1_4' title='bbox 860 721 1052 786; x_wconf 90' lang='lat' dir='ltr'>servi</span> <span class='ocrx_word' id='word_1_5' title='bbox 1098 721 1351 785; x_wconf 87' lang='lat' dir='ltr'>militia</span> <span class='ocrx_word' id='word_1_6' title='bbox 1397 722 1765 785; x_wconf 89' lang='lat' dir='ltr'>vacabant.</span> <span class='ocrx_word' id='word_1_7' title='bbox 1818 721 1990 786; x_wconf 89' lang='lat' dir='ltr'>Cum</span> <span class='ocrx_word' id='word_1_8' title='bbox 2040 720 2238 786; x_wconf 89' lang='lat' dir='ltr'>liberi</span> <span class='ocrx_word' id='word_1_9' title='bbox 2287 719 2510 787; x_wconf 90' lang='lat' dir='ltr'>coloni</span> <span class='ocrx_word' id='word_1_10' title='bbox 2560 739 2768 804; x_wconf 87' lang='lat' dir='ltr'>saepe</span> <span class='ocrx_word' id='word_1_11' title='bbox 2808 736 2967 788; x_wconf 89' lang='lat' dir='ltr'>cum</span> 
     </span>
     <span class='ocr_line' id='line_1_3' title="bbox 413 839 2971 921; baseline 0.001 -17"><span class='ocrx_word' id='word_1_12' title='bbox 413 841 720 908; x_wconf 88' lang='lat' dir='ltr'>maxima</span> <span class='ocrx_word' id='word_1_13' title='bbox 774 839 1348 904; x_wconf 76' lang='lat' dir='ltr'>incommoditate</span> <span class='ocrx_word' id='word_1_14' title='bbox 1392 839 1480 903; x_wconf 89' lang='lat' dir='ltr'>ab</span> <span class='ocrx_word' id='word_1_15' title='bbox 1529 855 1732 919; x_wconf 90' lang='lat' dir='ltr'>opere</span> <span class='ocrx_word' id='word_1_16' title='bbox 1781 856 1909 904; x_wconf 90' lang='lat' dir='ltr'>suo</span> <span class='ocrx_word' id='word_1_17' title='bbox 1955 843 2424 905; x_wconf 88' lang='lat' dir='ltr'>avocarentur</span> <span class='ocrx_word' id='word_1_18' title='bbox 2469 858 2971 921; x_wconf 86' lang='lat' dir='ltr'>nonnunquam</span> 
     </span>
     <span class='ocr_line' id='line_1_4' title="bbox 415 958 2973 1041; baseline 0.001 -19"><span class='ocrx_word' id='word_1_19' title='bbox 415 961 496 1023; x_wconf 87' lang='lat' dir='ltr'>ut</span> <span class='ocrx_word' id='word_1_20' title='bbox 540 960 608 1023; x_wconf 93' lang='lat' dir='ltr'>in</span> <span class='ocrx_word' id='word_1_21' title='bbox 654 959 1050 1039; x_wconf 82' lang='lat' dir='ltr'>longinquis</span> <span class='ocrx_word' id='word_1_22' title='bbox 1099 959 1305 1023; x_wconf 88' lang='lat' dir='ltr'>terris</span> <span class='ocrx_word' id='word_1_23' title='bbox 1354 960 1813 1041; x_wconf 76' lang='lat' dir='ltr'>mererentur,</span> <span class='ocrx_word' id='word_1_24' title='bbox 1865 958 1994 1026; x_wconf 90' lang='lat' dir='ltr'>hac</span> <span class='ocrx_word' id='word_1_25' title='bbox 2042 976 2114 1022; x_wconf 93' lang='lat' dir='ltr'>re</span> <span class='ocrx_word' id='word_1_26' title='bbox 2163 958 2351 1022; x_wconf 87' lang='lat' dir='ltr'>servi</span> <span class='ocrx_word' id='word_1_27' title='bbox 2396 959 2718 1039; x_wconf 83' lang='lat' dir='ltr'>agricolis</span> <span class='ocrx_word' id='word_1_28' title='bbox 2769 960 2973 1025; x_wconf 91' lang='lat' dir='ltr'>valde</span> 
     </span>
     <span class='ocr_line' id='line_1_5' title="bbox 411 1073 2973 1158; baseline 0.002 -18"><span class='ocrx_word' id='word_1_29' title='bbox 411 1077 870 1158; x_wconf 83' lang='lat' dir='ltr'>praestabant</span> <span class='ocrx_word' id='word_1_30' title='bbox 939 1079 1013 1141; x_wconf 92' lang='lat' dir='ltr'>et</span> <span class='ocrx_word' id='word_1_31' title='bbox 1084 1076 1341 1141; x_wconf 85' lang='lat' dir='ltr'>aemuli</span> <span class='ocrx_word' id='word_1_32' title='bbox 1412 1077 1771 1140; x_wconf 89' lang='lat' dir='ltr'>metuendi</span> <span class='ocrx_word' id='word_1_33' title='bbox 1834 1080 2038 1142; x_wconf 91' lang='lat' dir='ltr'>erant</span> <span class='ocrx_word' id='word_1_34' title='bbox 2064 1073 2133 1153; x_wconf 84' lang='lat'>¹).</span> <span class='ocrx_word' id='word_1_35' title='bbox 2223 1077 2504 1158; x_wconf 87' lang='lat' dir='ltr'>Majoris</span> <span class='ocrx_word' id='word_1_36' title='bbox 2550 1082 2790 1143; x_wconf 90' lang='lat' dir='ltr'>autem</span> <span class='ocrx_word' id='word_1_37' title='bbox 2839 1097 2973 1144; x_wconf 94' lang='lat' dir='ltr'>mo-</span> 
     </span>
     <span class='ocr_line' id='line_1_6' title="bbox 415 1194 2973 1278; baseline 0.001 -19"><span class='ocrx_word' id='word_1_38' title='bbox 415 1195 631 1259; x_wconf 88' lang='lat' dir='ltr'>menti</span> <span class='ocrx_word' id='word_1_39' title='bbox 704 1198 816 1259; x_wconf 89' lang='lat' dir='ltr'>est</span> <span class='ocrx_word' id='word_1_40' title='bbox 886 1194 1069 1276; x_wconf 93' lang='lat' dir='ltr'>quod</span> <span class='ocrx_word' id='word_1_41' title='bbox 1141 1195 1328 1259; x_wconf 88' lang='lat' dir='ltr'>servi</span> <span class='ocrx_word' id='word_1_42' title='bbox 1401 1210 1618 1275; x_wconf 89' lang='lat' dir='ltr'>parvo</span> <span class='ocrx_word' id='word_1_43' title='bbox 1685 1195 1909 1274; x_wconf 89' lang='lat' dir='ltr'>pretio</span> <span class='ocrx_word' id='word_1_44' title='bbox 1951 1197 2279 1276; x_wconf 75' lang='lat' dir='ltr'>poterant</span> <span class='ocrx_word' id='word_1_45' title='bbox 2328 1199 2712 1277; x_wconf 92' lang='lat' dir='ltr'>comparari</span> <span class='ocrx_word' id='word_1_46' title='bbox 2759 1201 2973 1278; x_wconf 91' lang='lat' dir='ltr'>atque</span> 
     </span>
     <span class='ocr_line' id='line_1_7' title="bbox 413 1312 2975 1395; baseline 0.001 -18"><span class='ocrx_word' id='word_1_47' title='bbox 413 1314 523 1377; x_wconf 92' lang='lat' dir='ltr'>ali.</span> <span class='ocrx_word' id='word_1_48' title='bbox 601 1312 801 1377; x_wconf 85' lang='lat' dir='ltr'>Servi</span> <span class='ocrx_word' id='word_1_49' title='bbox 871 1313 1120 1377; x_wconf 85' lang='lat' dir='ltr'>rustici</span> <span class='ocrx_word' id='word_1_50' title='bbox 1193 1313 1531 1377; x_wconf 83' lang='lat' dir='ltr'>venibant</span> <span class='ocrx_word' id='word_1_51' title='bbox 1596 1313 1846 1395; x_wconf 75' lang='lat' dir='ltr'>pretiO,</span> <span class='ocrx_word' id='word_1_52' title='bbox 1909 1314 2089 1392; x_wconf 96' lang='lat' dir='ltr'>quod</span> <span class='ocrx_word' id='word_1_53' title='bbox 2163 1313 2306 1379; x_wconf 87' lang='lat' dir='ltr'>fere</span> <span class='ocrx_word' id='word_1_54' title='bbox 2378 1315 2822 1394; x_wconf 89' lang='lat' dir='ltr'>aequandum</span> <span class='ocrx_word' id='word_1_55' title='bbox 2862 1318 2975 1380; x_wconf 86' lang='lat' dir='ltr'>est</span> 
     </span>
    </p>
   </div>
   <div class='ocr_carea' id='block_1_3' title="bbox 416 1409 3107 1516">
    <p class='ocr_par' dir='ltr' id='par_1_3' title="bbox 416 1409 3107 1516">
     <span class='ocr_line' id='line_1_8' title="bbox 416 1409 3107 1516; baseline 0.001 -21"><span class='ocrx_word' id='word_1_56' title='bbox 416 1449 572 1495; x_wconf 88' lang='lat' dir='ltr'>cum</span> <span class='ocrx_word' id='word_1_57' title='bbox 616 1449 893 1496; x_wconf 89' lang='lat' dir='ltr'>summa</span> <span class='ocrx_word' id='word_1_58' title='bbox 943 1433 1075 1496; x_wconf 86' lang='lat'>500</span> <span class='ocrx_word' id='word_1_59' title='bbox 1130 1432 1243 1496; x_wconf 89' lang='lat' dir='ltr'>vel</span> <span class='ocrx_word' id='word_1_60' title='bbox 1292 1433 1464 1496; x_wconf 88' lang='lat'>1000</span> <span class='ocrx_word' id='word_1_61' title='bbox 1513 1448 1961 1496; x_wconf 87' lang='lat' dir='ltr'>nummorum</span> <span class='ocrx_word' id='word_1_62' title='bbox 2009 1433 2126 1513; x_wconf 93' lang='lat' dir='ltr'>qui</span> <span class='ocrx_word' id='word_1_63' title='bbox 2152 1432 2356 1497; x_wconf 91' lang='lat' dir='ltr'>hodie</span> <span class='ocrx_word' id='word_1_64' title='bbox 2383 1434 2596 1498; x_wconf 92' lang='lat' dir='ltr'>marci</span> <span class='ocrx_word' id='word_1_65' title='bbox 2623 1434 2976 1516; x_wconf 77' lang='lat' dir='ltr'>dicuntur,</span> <span class='ocrx_word' id='word_1_66' title='bbox 3094 1409 3107 1419; x_wconf 49' lang='lat'>⁸</span> 
     </span>
    </p>
   </div>
   <div class='ocr_carea' id='block_1_4' title="bbox 416 1550 2983 3524">
    <p class='ocr_par' dir='ltr' id='par_1_4' title="bbox 416 1550 2983 3524">
     <span class='ocr_line' id='line_1_9' title="bbox 416 1550 2975 1633; baseline 0.001 -19"><span class='ocrx_word' id='word_1_67' title='bbox 416 1553 488 1614; x_wconf 91' lang='lat' dir='ltr'>et</span> <span class='ocrx_word' id='word_1_68' title='bbox 553 1567 713 1614; x_wconf 93' lang='lat' dir='ltr'>cum</span> <span class='ocrx_word' id='word_1_69' title='bbox 784 1551 1011 1630; x_wconf 90' lang='lat' dir='ltr'>pretia</span> <span class='ocrx_word' id='word_1_70' title='bbox 1080 1553 1228 1614; x_wconf 89' lang='lat' dir='ltr'>tam</span> <span class='ocrx_word' id='word_1_71' title='bbox 1299 1550 1554 1630; x_wconf 91' lang='lat' dir='ltr'>exigua</span> <span class='ocrx_word' id='word_1_72' title='bbox 1609 1554 1868 1630; x_wconf 79' lang='lat' dir='ltr'>essent,</span> <span class='ocrx_word' id='word_1_73' title='bbox 1919 1561 2160 1615; x_wconf 90' lang='lat' dir='ltr'>eorum</span> <span class='ocrx_word' id='word_1_74' title='bbox 2213 1551 2364 1616; x_wconf 90' lang='lat' dir='ltr'>vita</span> <span class='ocrx_word' id='word_1_75' title='bbox 2411 1551 2728 1633; x_wconf 88' lang='lat' dir='ltr'>profecto</span> <span class='ocrx_word' id='word_1_76' title='bbox 2777 1554 2975 1633; x_wconf 89' lang='lat' dir='ltr'>parvi</span> 
     </span>
     <span class='ocr_line' id='line_1_10' title="bbox 416 1666 2977 1749; baseline 0.002 -18"><span class='ocrx_word' id='word_1_77' title='bbox 416 1668 924 1732; x_wconf 82' lang='lat' dir='ltr'>aestimabatur</span> <span class='ocrx_word' id='word_1_78' title='bbox 963 1685 1187 1746; x_wconf 91' lang='lat' dir='ltr'>neque</span> <span class='ocrx_word' id='word_1_79' title='bbox 1229 1668 1315 1732; x_wconf 91' lang='lat' dir='ltr'>ad</span> <span class='ocrx_word' id='word_1_80' title='bbox 1359 1668 1630 1732; x_wconf 90' lang='lat' dir='ltr'>victum</span> <span class='ocrx_word' id='word_1_81' title='bbox 1657 1668 1963 1732; x_wconf 91' lang='lat' dir='ltr'>multum</span> <span class='ocrx_word' id='word_1_82' title='bbox 1989 1669 2521 1749; x_wconf 88' lang='lat' dir='ltr'>impendebatur</span> <span class='ocrx_word' id='word_1_83' title='bbox 2545 1666 2620 1746; x_wconf 80' lang='lat'>²).</span> <span class='ocrx_word' id='word_1_84' title='bbox 2670 1668 2977 1735; x_wconf 84' lang='lat' dir='ltr'>Simulac</span> 
     </span>
     <span class='ocr_line' id='line_1_11' title="bbox 417 1786 2978 1868; baseline 0.001 -18"><span class='ocrx_word' id='word_1_85' title='bbox 417 1786 584 1850; x_wconf 91' lang='lat' dir='ltr'>haec</span> <span class='ocrx_word' id='word_1_86' title='bbox 622 1786 772 1867; x_wconf 75' lang='lat' dir='ltr'>Jam</span> <span class='ocrx_word' id='word_1_87' title='bbox 811 1786 1018 1850; x_wconf 90' lang='lat' dir='ltr'>aliter</span> <span class='ocrx_word' id='word_1_88' title='bbox 1066 1802 1141 1850; x_wconf 91' lang='lat' dir='ltr'>se</span> <span class='ocrx_word' id='word_1_89' title='bbox 1188 1787 1442 1850; x_wconf 92' lang='lat' dir='ltr'>habere</span> <span class='ocrx_word' id='word_1_90' title='bbox 1492 1790 1894 1867; x_wconf 89' lang='lat' dir='ltr'>coeperunt,</span> <span class='ocrx_word' id='word_1_91' title='bbox 1945 1786 2161 1850; x_wconf 90' lang='lat' dir='ltr'>etiam</span> <span class='ocrx_word' id='word_1_92' title='bbox 2209 1787 2675 1868; x_wconf 56' lang='lat' dir='ltr'>condiciones</span> <span class='ocrx_word' id='word_1_93' title='bbox 2725 1789 2978 1867; x_wconf 92' lang='lat' dir='ltr'>quibus</span> 
     </span>
     <span class='ocr_line' id='line_1_12' title="bbox 418 1904 2979 1986; baseline 0.001 -18"><span class='ocrx_word' id='word_1_94' title='bbox 418 1921 670 1984; x_wconf 88' lang='lat' dir='ltr'>magna</span> <span class='ocrx_word' id='word_1_95' title='bbox 723 1904 1002 1968; x_wconf 91' lang='lat' dir='ltr'>cultura</span> <span class='ocrx_word' id='word_1_96' title='bbox 1047 1904 1354 1968; x_wconf 83' lang='lat' dir='ltr'>existere</span> <span class='ocrx_word' id='word_1_97' title='bbox 1402 1907 1700 1986; x_wconf 76' lang='lat' dir='ltr'>poterat,</span> <span class='ocrx_word' id='word_1_98' title='bbox 1747 1905 2256 1969; x_wconf 87' lang='lat' dir='ltr'>dilabebantur.</span> <span class='ocrx_word' id='word_1_99' title='bbox 2307 1905 2487 1970; x_wconf 91' lang='lat' dir='ltr'>Illud</span> <span class='ocrx_word' id='word_1_100' title='bbox 2540 1907 2979 1971; x_wconf 93' lang='lat' dir='ltr'>commodum</span> 
     </span>
     <span class='ocr_line' id='line_1_13' title="bbox 419 2022 2978 2105; baseline 0.002 -20"><span class='ocrx_word' id='word_1_101' title='bbox 419 2024 679 2105; x_wconf 78' lang='lat' dir='ltr'>autem,</span> <span class='ocrx_word' id='word_1_102' title='bbox 752 2022 932 2102; x_wconf 93' lang='lat' dir='ltr'>quod</span> <span class='ocrx_word' id='word_1_103' title='bbox 1004 2039 1214 2102; x_wconf 89' lang='lat' dir='ltr'>supra</span> <span class='ocrx_word' id='word_1_104' title='bbox 1283 2022 1510 2102; x_wconf 89' lang='lat' dir='ltr'>priore</span> <span class='ocrx_word' id='word_1_105' title='bbox 1580 2022 1728 2087; x_wconf 90' lang='lat' dir='ltr'>loco</span> <span class='ocrx_word' id='word_1_106' title='bbox 1800 2022 2023 2103; x_wconf 80' lang='lat' dir='ltr'>posui,</span> <span class='ocrx_word' id='word_1_107' title='bbox 2094 2038 2515 2089; x_wconf 89' lang='lat' dir='ltr'>evanescere</span> <span class='ocrx_word' id='word_1_108' title='bbox 2564 2025 2795 2105; x_wconf 91' lang='lat' dir='ltr'>coepit</span> <span class='ocrx_word' id='word_1_109' title='bbox 2844 2041 2978 2104; x_wconf 91' lang='lat' dir='ltr'>quo</span> 
     </span>
     <span class='ocr_line' id='line_1_14' title="bbox 421 2140 2977 2222; baseline 0.001 -18"><span class='ocrx_word' id='word_1_110' title='bbox 421 2145 730 2220; x_wconf 88' lang='lat' dir='ltr'>ternpore</span> <span class='ocrx_word' id='word_1_111' title='bbox 760 2141 1072 2205; x_wconf 90' lang='lat' dir='ltr'>tironum</span> <span class='ocrx_word' id='word_1_112' title='bbox 1097 2140 1461 2222; x_wconf 83' lang='lat' dir='ltr'>praebiti0‚</span> <span class='ocrx_word' id='word_1_113' title='bbox 1488 2157 1665 2220; x_wconf 92' lang='lat' dir='ltr'>quae</span> <span class='ocrx_word' id='word_1_114' title='bbox 1694 2141 2215 2222; x_wconf 80' lang='lat' dir='ltr'>possessoribus</span> <span class='ocrx_word' id='word_1_115' title='bbox 2239 2143 2602 2221; x_wconf 90' lang='lat' dir='ltr'>tamquam</span> <span class='ocrx_word' id='word_1_116' title='bbox 2628 2144 2977 2207; x_wconf 90' lang='lat' dir='ltr'>tributum</span> 
     </span>
     <span class='ocr_line' id='line_1_15' title="bbox 422 2259 2981 2342; baseline 0.001 -20"><span class='ocrx_word' id='word_1_117' title='bbox 422 2262 572 2323; x_wconf 79' lang='lat' dir='ltr'>elat</span> <span class='ocrx_word' id='word_1_118' title='bbox 621 2259 984 2339; x_wconf 75' lang='lat' dir='ltr'>imperata,</span> <span class='ocrx_word' id='word_1_119' title='bbox 1033 2259 1201 2342; x_wconf 82' lang='lat' dir='ltr'>(vid.</span> <span class='ocrx_word' id='word_1_120' title='bbox 1245 2276 1308 2340; x_wconf 92' lang='lat' dir='ltr'>p.</span> <span class='ocrx_word' id='word_1_121' title='bbox 1340 2260 1451 2337; x_wconf 83' lang='lat'>72)</span> <span class='ocrx_word' id='word_1_122' title='bbox 1477 2259 1690 2324; x_wconf 89' lang='lat' dir='ltr'>certis</span> <span class='ocrx_word' id='word_1_123' title='bbox 1717 2259 2025 2324; x_wconf 92' lang='lat' dir='ltr'>nummis</span> <span class='ocrx_word' id='word_1_124' title='bbox 2051 2259 2295 2324; x_wconf 90' lang='lat' dir='ltr'>redimi</span> <span class='ocrx_word' id='word_1_125' title='bbox 2322 2262 2618 2341; x_wconf 90' lang='lat' dir='ltr'>poterat.</span> <span class='ocrx_word' id='word_1_126' title='bbox 2653 2261 2981 2326; x_wconf 87' lang='lat' dir='ltr'>Alterum</span> 
     </span>
     <span class='ocr_line' id='line_1_16' title="bbox 423 2377 2982 2461; baseline 0.001 -21"><span class='ocrx_word' id='word_1_127' title='bbox 423 2377 689 2455; x_wconf 79' lang='lat' dir='ltr'>deinde,</span> <span class='ocrx_word' id='word_1_128' title='bbox 733 2377 892 2441; x_wconf 90' lang='lat' dir='ltr'>vilis</span> <span class='ocrx_word' id='word_1_129' title='bbox 920 2377 1038 2441; x_wconf 91' lang='lat' dir='ltr'>illa</span> <span class='ocrx_word' id='word_1_130' title='bbox 1068 2378 1433 2442; x_wconf 84' lang='lat' dir='ltr'>subvectio</span> <span class='ocrx_word' id='word_1_131' title='bbox 1459 2378 1854 2457; x_wconf 91' lang='lat' dir='ltr'>ingentium</span> <span class='ocrx_word' id='word_1_132' title='bbox 1878 2380 2235 2458; x_wconf 90' lang='lat' dir='ltr'>copiarum</span> <span class='ocrx_word' id='word_1_133' title='bbox 2262 2396 2648 2461; x_wconf 77' lang='lat' dir='ltr'>servorum,</span> <span class='ocrx_word' id='word_1_134' title='bbox 2675 2380 2982 2444; x_wconf 89' lang='lat' dir='ltr'>cessavit</span> 
     </span>
     <span class='ocr_line' id='line_1_17' title="bbox 426 2491 2982 2578; baseline 0.002 -20"><span class='ocrx_word' id='word_1_135' title='bbox 426 2512 566 2559; x_wconf 89' lang='lat' dir='ltr'>una</span> <span class='ocrx_word' id='word_1_136' title='bbox 603 2512 765 2559; x_wconf 92' lang='lat' dir='ltr'>cum</span> <span class='ocrx_word' id='word_1_137' title='bbox 807 2495 1007 2559; x_wconf 92' lang='lat' dir='ltr'>bellis</span> <span class='ocrx_word' id='word_1_138' title='bbox 1047 2495 1411 2560; x_wconf 91' lang='lat' dir='ltr'>nationum</span> <span class='ocrx_word' id='word_1_139' title='bbox 1438 2496 1981 2576; x_wconf 87' lang='lat' dir='ltr'>subigendarum</span> <span class='ocrx_word' id='word_1_140' title='bbox 2007 2513 2221 2561; x_wconf 85' lang='lat' dir='ltr'>causa</span> <span class='ocrx_word' id='word_1_141' title='bbox 2243 2497 2462 2576; x_wconf 90' lang='lat' dir='ltr'>gestis</span> <span class='ocrx_word' id='word_1_142' title='bbox 2487 2491 2560 2578; x_wconf 74' lang='lat'>³).</span> <span class='ocrx_word' id='word_1_143' title='bbox 2610 2495 2982 2562; x_wconf 88' lang='lat' dir='ltr'>Oriebatur</span> 
     </span>
     <span class='ocr_line' id='line_1_18' title="bbox 428 2613 2983 2696; baseline 0.001 -20"><span class='ocrx_word' id='word_1_144' title='bbox 428 2614 659 2694; x_wconf 88' lang='lat' dir='ltr'>inopia</span> <span class='ocrx_word' id='word_1_145' title='bbox 729 2630 1097 2694; x_wconf 90' lang='lat' dir='ltr'>operarum</span> <span class='ocrx_word' id='word_1_146' title='bbox 1168 2614 1613 2678; x_wconf 88' lang='lat' dir='ltr'>rusticarum.</span> <span class='ocrx_word' id='word_1_147' title='bbox 1688 2613 1984 2678; x_wconf 87' lang='lat' dir='ltr'>Crebrae</span> <span class='ocrx_word' id='word_1_148' title='bbox 2055 2615 2495 2679; x_wconf 83' lang='lat' dir='ltr'>narrationes</span> <span class='ocrx_word' id='word_1_149' title='bbox 2569 2614 2652 2678; x_wconf 89' lang='lat' dir='ltr'>de</span> <span class='ocrx_word' id='word_1_150' title='bbox 2720 2615 2983 2696; x_wconf 91' lang='lat' dir='ltr'>rapinis</span> 
     </span>
     <span class='ocr_line' id='line_1_19' title="bbox 426 2726 2982 2814; baseline 0.002 -20"><span class='ocrx_word' id='word_1_151' title='bbox 426 2731 784 2795; x_wconf 89' lang='lat' dir='ltr'>hominum</span> <span class='ocrx_word' id='word_1_152' title='bbox 833 2732 962 2796; x_wconf 88' lang='lat' dir='ltr'>sub</span> <span class='ocrx_word' id='word_1_153' title='bbox 1013 2733 1336 2812; x_wconf 87' lang='lat' dir='ltr'>Augusto</span> <span class='ocrx_word' id='word_1_154' title='bbox 1384 2734 1458 2795; x_wconf 91' lang='lat' dir='ltr'>et</span> <span class='ocrx_word' id='word_1_155' title='bbox 1508 2732 1777 2796; x_wconf 84' lang='lat' dir='ltr'>Tiberio</span> <span class='ocrx_word' id='word_1_156' title='bbox 1805 2726 1850 2813; x_wconf 75' lang='lat'>⁴)</span> <span class='ocrx_word' id='word_1_157' title='bbox 1899 2732 2284 2796; x_wconf 88' lang='lat' dir='ltr'>ostendunt</span> <span class='ocrx_word' id='word_1_158' title='bbox 2323 2732 2520 2797; x_wconf 86' lang='lat' dir='ltr'>nobis</span> <span class='ocrx_word' id='word_1_159' title='bbox 2545 2749 2982 2814; x_wconf 90' lang='lat' dir='ltr'>possessores</span> 
     </span>
     <span class='ocr_line' id='line_1_20' title="bbox 428 2849 2982 2935; baseline 0.001 -21"><span class='ocrx_word' id='word_1_160' title='bbox 428 2850 781 2915; x_wconf 87' lang='lat' dir='ltr'>inhiantes</span> <span class='ocrx_word' id='word_1_161' title='bbox 849 2852 923 2915; x_wconf 92' lang='lat' dir='ltr'>et</span> <span class='ocrx_word' id='word_1_162' title='bbox 991 2849 1406 2915; x_wconf 86' lang='lat' dir='ltr'>insidiantes</span> <span class='ocrx_word' id='word_1_163' title='bbox 1476 2850 1827 2931; x_wconf 73' lang='lat' dir='ltr'>operariis</span> <span class='ocrx_word' id='word_1_164' title='bbox 1924 2849 2211 2931; x_wconf 61' lang='lat' dir='ltr'>Plinius</span> <span class='ocrx_word' id='word_1_165' title='bbox 2261 2852 2343 2915; x_wconf 94' lang='lat' dir='ltr'>ut</span> <span class='ocrx_word' id='word_1_166' title='bbox 2389 2867 2603 2932; x_wconf 89' lang='lat' dir='ltr'>supra</span> <span class='ocrx_word' id='word_1_167' title='bbox 2654 2851 2982 2935; x_wconf 78' lang='lat' dir='ltr'>vidimus,</span> 
     </span>
     <span class='ocr_line' id='line_1_21' title="bbox 425 2969 2981 3051; baseline 0 -18"><span class='ocrx_word' id='word_1_168' title='bbox 425 2986 667 3033; x_wconf 90' lang='lat' dir='ltr'>servos</span> <span class='ocrx_word' id='word_1_169' title='bbox 704 2986 839 3033; x_wconf 91' lang='lat' dir='ltr'>non</span> <span class='ocrx_word' id='word_1_170' title='bbox 889 2969 1192 3033; x_wconf 90' lang='lat' dir='ltr'>habebat</span> <span class='ocrx_word' id='word_1_171' title='bbox 1231 2969 1484 3049; x_wconf 88' lang='lat' dir='ltr'>quibus</span> <span class='ocrx_word' id='word_1_172' title='bbox 1525 2986 1786 3033; x_wconf 90' lang='lat' dir='ltr'>novum</span> <span class='ocrx_word' id='word_1_173' title='bbox 1817 2969 2177 3048; x_wconf 88' lang='lat' dir='ltr'>praedium</span> <span class='ocrx_word' id='word_1_174' title='bbox 2204 2970 2609 3050; x_wconf 78' lang='lat' dir='ltr'>instrueret,</span> <span class='ocrx_word' id='word_1_175' title='bbox 2635 2982 2860 3051; x_wconf 91' lang='lat' dir='ltr'>neque</span> <span class='ocrx_word' id='word_1_176' title='bbox 2886 2971 2981 3035; x_wconf 94' lang='lat' dir='ltr'>ibi</span> 
     </span>
     <span class='ocr_line' id='line_1_22' title="bbox 427 3087 2982 3170; baseline 0.001 -20"><span class='ocrx_word' id='word_1_177' title='bbox 427 3088 811 3167; x_wconf 89' lang='lat' dir='ltr'>quisquam.</span> <span class='ocrx_word' id='word_1_178' title='bbox 886 3087 1008 3151; x_wconf 87' lang='lat' dir='ltr'>Est</span> <span class='ocrx_word' id='word_1_179' title='bbox 1077 3087 1263 3151; x_wconf 92' lang='lat' dir='ltr'>enim</span> <span class='ocrx_word' id='word_1_180' title='bbox 1333 3087 1772 3168; x_wconf 77' lang='lat' dir='ltr'>experientia</span> <span class='ocrx_word' id='word_1_181' title='bbox 1841 3087 2152 3151; x_wconf 91' lang='lat' dir='ltr'>omnium</span> <span class='ocrx_word' id='word_1_182' title='bbox 2221 3091 2560 3170; x_wconf 78' lang='lat' dir='ltr'>aetatum,</span> <span class='ocrx_word' id='word_1_183' title='bbox 2610 3089 2681 3152; x_wconf 93' lang='lat' dir='ltr'>in</span> <span class='ocrx_word' id='word_1_184' title='bbox 2731 3090 2982 3169; x_wconf 90' lang='lat' dir='ltr'>quibus</span> 
     </span>
     <span class='ocr_line' id='line_1_23' title="bbox 426 3204 2982 3288; baseline 0.001 -20"><span class='ocrx_word' id='word_1_185' title='bbox 426 3205 612 3269; x_wconf 86' lang='lat' dir='ltr'>servi</span> <span class='ocrx_word' id='word_1_186' title='bbox 686 3204 907 3269; x_wconf 90' lang='lat' dir='ltr'>habiti</span> <span class='ocrx_word' id='word_1_187' title='bbox 976 3207 1168 3287; x_wconf 76' lang='lat' dir='ltr'>sunt,</span> <span class='ocrx_word' id='word_1_188' title='bbox 1239 3222 1480 3270; x_wconf 86' lang='lat' dir='ltr'>servos</span> <span class='ocrx_word' id='word_1_189' title='bbox 1551 3221 1689 3269; x_wconf 93' lang='lat' dir='ltr'>non</span> <span class='ocrx_word' id='word_1_190' title='bbox 1760 3204 2047 3269; x_wconf 90' lang='lat' dir='ltr'>idoneos</span> <span class='ocrx_word' id='word_1_191' title='bbox 2118 3223 2269 3269; x_wconf 91' lang='lat' dir='ltr'>esse</span> <span class='ocrx_word' id='word_1_192' title='bbox 2340 3206 2427 3270; x_wconf 90' lang='lat' dir='ltr'>ad</span> <span class='ocrx_word' id='word_1_193' title='bbox 2497 3208 2725 3271; x_wconf 90' lang='lat' dir='ltr'>semet</span> <span class='ocrx_word' id='word_1_194' title='bbox 2794 3207 2982 3288; x_wconf 90' lang='lat' dir='ltr'>ipsos</span> 
     </span>
     <span class='ocr_line' id='line_1_24' title="bbox 425 3307 2981 3406; baseline 0 -20"><span class='ocrx_word' id='word_1_195' title='bbox 425 3322 888 3406; x_wconf 78' lang='lat' dir='ltr'>complendoS,</span> <span class='ocrx_word' id='word_1_196' title='bbox 963 3323 1084 3387; x_wconf 86' lang='lat' dir='ltr'>sed</span> <span class='ocrx_word' id='word_1_197' title='bbox 1156 3340 1430 3404; x_wconf 90' lang='lat' dir='ltr'>semper</span> <span class='ocrx_word' id='word_1_198' title='bbox 1501 3322 1705 3386; x_wconf 92' lang='lat' dir='ltr'>novis</span> <span class='ocrx_word' id='word_1_199' title='bbox 1776 3324 2351 3387; x_wconf 87' lang='lat' dir='ltr'>subvectionibus</span> <span class='ocrx_word' id='word_1_200' title='bbox 2422 3307 2738 3387; x_wconf 85' lang='lat' dir='ltr'>externis</span> <span class='ocrx_word' id='word_1_201' title='bbox 2807 3341 2981 3404; x_wconf 92' lang='lat' dir='ltr'>opus</span> 
     </span>
     <span class='ocr_line' id='line_1_25' title="bbox 425 3438 2977 3524; baseline 0 -20"><span class='ocrx_word' id='word_1_202' title='bbox 425 3457 575 3505; x_wconf 90' lang='lat' dir='ltr'>esse</span> <span class='ocrx_word' id='word_1_203' title='bbox 623 3458 710 3504; x_wconf 90' lang='lat' dir='ltr'>ne</span> <span class='ocrx_word' id='word_1_204' title='bbox 750 3442 1298 3520; x_wconf 84' lang='lat' dir='ltr'>exstinguantur</span> <span class='ocrx_word' id='word_1_205' title='bbox 1329 3438 1399 3517; x_wconf 84' lang='lat'>⁵).</span> <span class='ocrx_word' id='word_1_206' title='bbox 1452 3440 1600 3522; x_wconf 79' lang='lat' dir='ltr'>Quo</span> <span class='ocrx_word' id='word_1_207' title='bbox 1648 3440 1869 3522; x_wconf 87' lang='lat' dir='ltr'>pluris</span> <span class='ocrx_word' id='word_1_208' title='bbox 1921 3442 2160 3505; x_wconf 91' lang='lat' dir='ltr'>autem</span> <span class='ocrx_word' id='word_1_209' title='bbox 2210 3441 2395 3505; x_wconf 90' lang='lat' dir='ltr'>servi</span> <span class='ocrx_word' id='word_1_210' title='bbox 2446 3441 2671 3505; x_wconf 92' lang='lat' dir='ltr'>denuo</span> <span class='ocrx_word' id='word_1_211' title='bbox 2697 3441 2977 3524; x_wconf 80' lang='lat' dir='ltr'>fiebant,</span> 
     </span>
    </p>
   </div>
   <div class='ocr_carea' id='block_1_5' title="bbox 432 3585 849 3592">
    <p class='ocr_par' dir='ltr' id='par_1_5' title="bbox 432 3585 849 3592">
     <span class='ocr_line' id='line_1_26' title="bbox 432 3585 849 3592; baseline 0 2146"><span class='ocrx_word' id='word_1_212' title='bbox 432 3585 849 3592; x_wconf 95' lang='lat' dir='ltr'> </span> 
     </span>
    </p>
   </div>
   <div class='ocr_carea' id='block_1_6' title="bbox 419 3649 2977 4939">
    <p class='ocr_par' dir='ltr' id='par_1_6' title="bbox 422 3649 2977 3880">
     <span class='ocr_line' id='line_1_27' title="bbox 494 3649 2977 3719; baseline -0 -14"><span class='ocrx_word' id='word_1_213' title='bbox 494 3651 537 3715; x_wconf 72' lang='grc' dir='ltr'>ι)</span> <span class='ocrx_word' id='word_1_214' title='bbox 573 3650 681 3705; x_wconf 81' lang='lat' dir='ltr'>En.</span> <span class='ocrx_word' id='word_1_215' title='bbox 719 3651 961 3719; x_wconf 67' lang='lat' dir='ltr'>Maxim,</span> <span class='ocrx_word' id='word_1_216' title='bbox 998 3650 1105 3706; x_wconf 92' lang='lat' dir='ltr'>Die</span> <span class='ocrx_word' id='word_1_217' title='bbox 1142 3651 1410 3705; x_wconf 85' lang='lat' dir='ltr'>wirtsch.</span> <span class='ocrx_word' id='word_1_218' title='bbox 1447 3650 1646 3705; x_wconf 85' lang='lat' dir='ltr'>Entw.</span> <span class='ocrx_word' id='word_1_219' title='bbox 1672 3650 1776 3705; x_wconf 86' lang='lat' dir='ltr'>des</span> <span class='ocrx_word' id='word_1_220' title='bbox 1801 3650 2160 3705; x_wconf 72' lang='lat' dir='ltr'>Altertums</span> <span class='ocrx_word' id='word_1_221' title='bbox 2186 3664 2242 3718; x_wconf 86' lang='lat' dir='ltr'>p.</span> <span class='ocrx_word' id='word_1_222' title='bbox 2266 3650 2352 3705; x_wconf 85' lang='lat'>71.</span> <span class='ocrx_word' id='word_1_223' title='bbox 2376 3649 2513 3705; x_wconf 89' lang='lat' dir='ltr'>adn.</span> <span class='ocrx_word' id='word_1_224' title='bbox 2541 3651 2589 3705; x_wconf 92' lang='lat'>1.</span> <span class='ocrx_word' id='word_1_225' title='bbox 2613 3650 2718 3705; x_wconf 91' lang='lat' dir='ltr'>Die</span> <span class='ocrx_word' id='word_1_226' title='bbox 2743 3650 2977 3706; x_wconf 88' lang='lat' dir='ltr'>Dienst·</span> 
     </span>
     <span class='ocr_line' id='line_1_28' title="bbox 422 3736 2976 3806; baseline 0.001 -15"><span class='ocrx_word' id='word_1_227' title='bbox 422 3738 631 3805; x_wconf 82' lang='lat' dir='ltr'>pilicht</span> <span class='ocrx_word' id='word_1_228' title='bbox 660 3738 880 3794; x_wconf 73' lang='lat' dir='ltr'>withe</span> <span class='ocrx_word' id='word_1_229' title='bbox 903 3739 1016 3793; x_wconf 89' lang='lat' dir='ltr'>mit</span> <span class='ocrx_word' id='word_1_230' title='bbox 1041 3739 1176 3793; x_wconf 91' lang='lat' dir='ltr'>dem</span> <span class='ocrx_word' id='word_1_231' title='bbox 1203 3738 1643 3806; x_wconf 87' lang='lat' dir='ltr'>Kapitalismus</span> <span class='ocrx_word' id='word_1_232' title='bbox 1669 3751 2020 3792; x_wconf 88' lang='lat' dir='ltr'>zusammen</span> <span class='ocrx_word' id='word_1_233' title='bbox 2040 3751 2144 3791; x_wconf 91' lang='lat' dir='ltr'>um</span> <span class='ocrx_word' id='word_1_234' title='bbox 2169 3736 2264 3791; x_wconf 92' lang='lat' dir='ltr'>die</span> <span class='ocrx_word' id='word_1_235' title='bbox 2283 3736 2426 3791; x_wconf 80' lang='lat' dir='ltr'>freie</span> <span class='ocrx_word' id='word_1_236' title='bbox 2446 3736 2888 3792; x_wconf 81' lang='lat' dir='ltr'>Bauernschaft</span> <span class='ocrx_word' id='word_1_237' title='bbox 2902 3753 2976 3793; x_wconf 89' lang='lat' dir='ltr'>zu</span> 
     </span>
     <span class='ocr_line' id='line_1_29' title="bbox 423 3839 745 3880; baseline 0.003 -1"><span class='ocrx_word' id='word_1_238' title='bbox 423 3839 745 3880; x_wconf 77' lang='lat' dir='ltr'>ruimeren.</span> 
     </span>
    </p>

    <p class='ocr_par' dir='ltr' id='par_1_7' title="bbox 422 3910 2975 4155">
     <span class='ocr_line' id='line_1_30' title="bbox 492 3910 2973 3981; baseline -0.001 -14"><span class='ocrx_word' id='word_1_239' title='bbox 492 3914 531 3980; x_wconf 70' lang='lat'>2)</span> <span class='ocrx_word' id='word_1_240' title='bbox 568 3912 664 3967; x_wconf 89' lang='lat' dir='ltr'>Dr.</span> <span class='ocrx_word' id='word_1_241' title='bbox 703 3912 885 3967; x_wconf 71' lang='grc' dir='ltr'>ΚΑΜ.</span> <span class='ocrx_word' id='word_1_242' title='bbox 923 3913 1378 3981; x_wconf 60' lang='lat' dir='ltr'>Hor-mmmm,</span> <span class='ocrx_word' id='word_1_243' title='bbox 1415 3912 1521 3966; x_wconf 92' lang='lat' dir='ltr'>Die</span> <span class='ocrx_word' id='word_1_244' title='bbox 1562 3911 1830 3967; x_wconf 85' lang='lat' dir='ltr'>wirtsch.</span> <span class='ocrx_word' id='word_1_245' title='bbox 1858 3911 2057 3966; x_wconf 84' lang='lat' dir='ltr'>Entw.</span> <span class='ocrx_word' id='word_1_246' title='bbox 2096 3911 2297 3965; x_wconf 75' lang='lat' dir='ltr'>Rome.</span> <span class='ocrx_word' id='word_1_247' title='bbox 2333 3926 2386 3979; x_wconf 91' lang='lat' dir='ltr'>p.</span> <span class='ocrx_word' id='word_1_248' title='bbox 2423 3911 2510 3965; x_wconf 89' lang='lat'>41.</span> <span class='ocrx_word' id='word_1_249' title='bbox 2547 3910 2637 3965; x_wconf 90' lang='lat' dir='ltr'>Im</span> <span class='ocrx_word' id='word_1_250' title='bbox 2668 3910 2973 3965; x_wconf 81' lang='lat' dir='ltr'>Altertum</span> 
     </span>
     <span class='ocr_line' id='line_1_31' title="bbox 422 3997 2975 4067; baseline -0 -14"><span class='ocrx_word' id='word_1_251' title='bbox 422 3998 567 4067; x_wconf 88' lang='lat' dir='ltr'>liegt</span> <span class='ocrx_word' id='word_1_252' title='bbox 620 3999 727 4054; x_wconf 87' lang='lat' dir='ltr'>das</span> <span class='ocrx_word' id='word_1_253' title='bbox 783 4000 1013 4067; x_wconf 85' lang='lat' dir='ltr'>einzige</span> <span class='ocrx_word' id='word_1_254' title='bbox 1067 3998 1532 4067; x_wconf 86' lang='lat' dir='ltr'>Uebergewicht</span> <span class='ocrx_word' id='word_1_255' title='bbox 1580 3998 1684 4053; x_wconf 93' lang='lat' dir='ltr'>der</span> <span class='ocrx_word' id='word_1_256' title='bbox 1717 3998 2175 4053; x_wconf 84' lang='lat' dir='ltr'>Sklavenarbeit</span> <span class='ocrx_word' id='word_1_257' title='bbox 2214 3998 2358 4052; x_wconf 81' lang='lat' dir='ltr'>iiber</span> <span class='ocrx_word' id='word_1_258' title='bbox 2393 3997 2507 4052; x_wconf 90' lang='lat' dir='ltr'>den</span> <span class='ocrx_word' id='word_1_259' title='bbox 2547 3997 2733 4052; x_wconf 80' lang='lat' dir='ltr'>freien</span> <span class='ocrx_word' id='word_1_260' title='bbox 2774 3997 2975 4052; x_wconf 90' lang='lat' dir='ltr'>Klein-</span> 
     </span>
     <span class='ocr_line' id='line_1_32' title="bbox 422 4084 2452 4155; baseline -0.001 -14"><span class='ocrx_word' id='word_1_261' title='bbox 422 4086 646 4141; x_wconf 88' lang='lat' dir='ltr'>betrieb</span> <span class='ocrx_word' id='word_1_262' title='bbox 685 4087 748 4141; x_wconf 91' lang='lat' dir='ltr'>in</span> <span class='ocrx_word' id='word_1_263' title='bbox 779 4087 964 4155; x_wconf 77' lang='lat' dir='ltr'>Jenen</span> <span class='ocrx_word' id='word_1_264' title='bbox 1000 4088 1360 4155; x_wconf 87' lang='lat' dir='ltr'>permanent</span> <span class='ocrx_word' id='word_1_265' title='bbox 1398 4086 1771 4153; x_wconf 87' lang='lat' dir='ltr'>niedrigsten</span> <span class='ocrx_word' id='word_1_266' title='bbox 1809 4084 2452 4140; x_wconf 86' lang='lat' dir='ltr'>Productionskosten.</span> 
     </span>
    </p>

    <p class='ocr_par' dir='ltr' id='par_1_8' title="bbox 419 4169 2975 4762">
     <span class='ocr_line' id='line_1_33' title="bbox 491 4169 2975 4241; baseline -0.001 -13"><span class='ocrx_word' id='word_1_267' title='bbox 491 4173 534 4239; x_wconf 84' lang='lat'>³)</span> <span class='ocrx_word' id='word_1_268' title='bbox 572 4173 806 4241; x_wconf 73' lang='lat' dir='ltr'>ZUMPT,</span> <span class='ocrx_word' id='word_1_269' title='bbox 872 4174 1062 4228; x_wconf 88' lang='lat' dir='ltr'>Ueber</span> <span class='ocrx_word' id='word_1_270' title='bbox 1116 4173 1209 4227; x_wconf 90' lang='lat' dir='ltr'>die</span> <span class='ocrx_word' id='word_1_271' title='bbox 1265 4173 1652 4240; x_wconf 81' lang='lat' dir='ltr'>Entstehung</span> <span class='ocrx_word' id='word_1_272' title='bbox 1707 4172 1829 4227; x_wconf 90' lang='lat' dir='ltr'>und</span> <span class='ocrx_word' id='word_1_273' title='bbox 1874 4172 2015 4226; x_wconf 87' lang='lat' dir='ltr'>hist.</span> <span class='ocrx_word' id='word_1_274' title='bbox 2051 4171 2248 4226; x_wconf 85' lang='lat' dir='ltr'>Entw.</span> <span class='ocrx_word' id='word_1_275' title='bbox 2285 4172 2391 4224; x_wconf 87' lang='lat' dir='ltr'>des</span> <span class='ocrx_word' id='word_1_276' title='bbox 2428 4169 2723 4226; x_wconf 75' lang='lat' dir='ltr'>ColonatS.</span> <span class='ocrx_word' id='word_1_277' title='bbox 2760 4170 2975 4226; x_wconf 86' lang='lat' dir='ltr'>Rhein.</span> 
     </span>
     <span class='ocr_line' id='line_1_34' title="bbox 421 4257 2975 4330; baseline -0.001 -16"><span class='ocrx_word' id='word_1_278' title='bbox 421 4259 715 4315; x_wconf 84' lang='lat' dir='ltr'>Museum.</span> <span class='ocrx_word' id='word_1_279' title='bbox 771 4260 879 4316; x_wconf 92' lang='lat'>111.</span> <span class='ocrx_word' id='word_1_280' title='bbox 933 4262 1113 4330; x_wconf 82' lang='grc'><strong>(1845)</strong></span> <span class='ocrx_word' id='word_1_281' title='bbox 1170 4276 1223 4329; x_wconf 92' lang='lat' dir='ltr'>p.</span> <span class='ocrx_word' id='word_1_282' title='bbox 1274 4260 1325 4314; x_wconf 89' lang='grc'>6.</span> <span class='ocrx_word' id='word_1_283' title='bbox 1379 4259 1738 4314; x_wconf 87' lang='lat' dir='ltr'>Bestimmte</span> <span class='ocrx_word' id='word_1_284' title='bbox 1792 4258 2119 4326; x_wconf 85' lang='lat' dir='ltr'>Zeugnisse</span> <span class='ocrx_word' id='word_1_285' title='bbox 2159 4258 2304 4312; x_wconf 76' lang='lat' dir='ltr'>siber</span> <span class='ocrx_word' id='word_1_286' title='bbox 2358 4258 2452 4312; x_wconf 92' lang='lat' dir='ltr'>die</span> <span class='ocrx_word' id='word_1_287' title='bbox 2505 4257 2824 4311; x_wconf 87' lang='lat' dir='ltr'>Abnahme</span> <span class='ocrx_word' id='word_1_288' title='bbox 2871 4258 2975 4312; x_wconf 89' lang='lat' dir='ltr'>der</span> 
     </span>
     <span class='ocr_line' id='line_1_35' title="bbox 422 4344 2974 4413; baseline -0 -12"><span class='ocrx_word' id='word_1_289' title='bbox 422 4346 683 4403; x_wconf 82' lang='lat' dir='ltr'>Sklaven</span> <span class='ocrx_word' id='word_1_290' title='bbox 717 4348 918 4403; x_wconf 84' lang='lat' dir='ltr'>lassen</span> <span class='ocrx_word' id='word_1_291' title='bbox 954 4348 1085 4403; x_wconf 89' lang='lat' dir='ltr'>sich</span> <span class='ocrx_word' id='word_1_292' title='bbox 1122 4361 1282 4402; x_wconf 84' lang='lat' dir='ltr'>zwar</span> <span class='ocrx_word' id='word_1_293' title='bbox 1321 4346 1491 4401; x_wconf 89' lang='lat' dir='ltr'>nicht</span> <span class='ocrx_word' id='word_1_294' title='bbox 1528 4345 1846 4411; x_wconf 82' lang='lat' dir='ltr'>anfiihren‚</span> <span class='ocrx_word' id='word_1_295' title='bbox 1882 4345 2307 4413; x_wconf 83' lang='lat' dir='ltr'>ebensowenig</span> <span class='ocrx_word' id='word_1_296' title='bbox 2344 4344 2460 4399; x_wconf 81' lang='lat' dir='ltr'>wie</span> <span class='ocrx_word' id='word_1_297' title='bbox 2499 4344 2646 4398; x_wconf 76' lang='lat' dir='ltr'>siber</span> <span class='ocrx_word' id='word_1_298' title='bbox 2676 4344 2806 4398; x_wconf 86' lang='lat' dir='ltr'>ihre</span> <span class='ocrx_word' id='word_1_299' title='bbox 2827 4344 2974 4400; x_wconf 88' lang='lat' dir='ltr'>Zahl</span> 
     </span>
     <span class='ocr_line' id='line_1_36' title="bbox 423 4429 2973 4501; baseline -0.001 -13"><span class='ocrx_word' id='word_1_300' title='bbox 423 4434 544 4488; x_wconf 91' lang='lat' dir='ltr'>und</span> <span class='ocrx_word' id='word_1_301' title='bbox 598 4434 829 4490; x_wconf 81' lang='lat' dir='ltr'>Zufuhr</span> <span class='ocrx_word' id='word_1_302' title='bbox 884 4436 946 4489; x_wconf 90' lang='lat' dir='ltr'>in</span> <span class='ocrx_word' id='word_1_303' title='bbox 1003 4434 1289 4490; x_wconf 79' lang='lat' dir='ltr'>friiheren</span> <span class='ocrx_word' id='word_1_304' title='bbox 1344 4433 1582 4501; x_wconf 90' lang='lat' dir='ltr'>Zeiten;</span> <span class='ocrx_word' id='word_1_305' title='bbox 1631 4432 1785 4487; x_wconf 88' lang='lat' dir='ltr'>doch</span> <span class='ocrx_word' id='word_1_306' title='bbox 1821 4445 1934 4486; x_wconf 84' lang='lat' dir='ltr'>aus</span> <span class='ocrx_word' id='word_1_307' title='bbox 1971 4432 2087 4494; x_wconf 88' lang='lat' dir='ltr'>den</span> <span class='ocrx_word' id='word_1_308' title='bbox 2124 4431 2550 4499; x_wconf 82' lang='lat' dir='ltr'>angegebenen</span> <span class='ocrx_word' id='word_1_309' title='bbox 2588 4429 2973 4487; x_wconf 77' lang='lat' dir='ltr'>Umstanden</span> 
     </span>
     <span class='ocr_line' id='line_1_37' title="bbox 421 4517 2972 4587; baseline -0 -13"><span class='ocrx_word' id='word_1_310' title='bbox 421 4518 572 4575; x_wconf 75' lang='lat' dir='ltr'>laszt</span> <span class='ocrx_word' id='word_1_311' title='bbox 635 4522 765 4576; x_wconf 87' lang='lat' dir='ltr'>sich</span> <span class='ocrx_word' id='word_1_312' title='bbox 828 4522 941 4577; x_wconf 86' lang='lat' dir='ltr'>mit</span> <span class='ocrx_word' id='word_1_313' title='bbox 991 4521 1333 4577; x_wconf 83' lang='lat' dir='ltr'>Sicherheit</span> <span class='ocrx_word' id='word_1_314' title='bbox 1386 4520 1741 4587; x_wconf 86' lang='lat' dir='ltr'>schlieszen‚</span> <span class='ocrx_word' id='word_1_315' title='bbox 1799 4519 1938 4573; x_wconf 85' lang='lat' dir='ltr'>dasz</span> <span class='ocrx_word' id='word_1_316' title='bbox 1995 4520 2098 4573; x_wconf 90' lang='lat' dir='ltr'>der</span> <span class='ocrx_word' id='word_1_317' title='bbox 2151 4518 2466 4573; x_wconf 85' lang='lat' dir='ltr'>Ackerbau</span> <span class='ocrx_word' id='word_1_318' title='bbox 2520 4517 2678 4572; x_wconf 86' lang='lat' dir='ltr'>auch</span> <span class='ocrx_word' id='word_1_319' title='bbox 2737 4518 2800 4572; x_wconf 90' lang='lat' dir='ltr'>in</span> <span class='ocrx_word' id='word_1_320' title='bbox 2856 4519 2972 4573; x_wconf 90' lang='lat' dir='ltr'>den</span> 
     </span>
     <span class='ocr_line' id='line_1_38' title="bbox 421 4604 2972 4677; baseline -0 -16"><span class='ocrx_word' id='word_1_321' title='bbox 421 4606 760 4677; x_wconf 85' lang='lat' dir='ltr'>Gegenden,</span> <span class='ocrx_word' id='word_1_322' title='bbox 808 4624 902 4663; x_wconf 84' lang='lat' dir='ltr'>wo</span> <span class='ocrx_word' id='word_1_323' title='bbox 938 4624 1004 4665; x_wconf 92' lang='lat' dir='ltr'>er</span> <span class='ocrx_word' id='word_1_324' title='bbox 1038 4608 1477 4677; x_wconf 83' lang='lat' dir='ltr'>vorzugsweise</span> <span class='ocrx_word' id='word_1_325' title='bbox 1513 4606 1703 4661; x_wconf 89' lang='lat' dir='ltr'>durch</span> <span class='ocrx_word' id='word_1_326' title='bbox 1741 4605 2005 4661; x_wconf 84' lang='lat' dir='ltr'>Sklaven</span> <span class='ocrx_word' id='word_1_327' title='bbox 2043 4606 2347 4660; x_wconf 85' lang='lat' dir='ltr'>betrieben</span> <span class='ocrx_word' id='word_1_328' title='bbox 2385 4604 2611 4672; x_wconf 86' lang='lat' dir='ltr'>wurde,</span> <span class='ocrx_word' id='word_1_329' title='bbox 2648 4604 2838 4660; x_wconf 87' lang='lat' dir='ltr'>durch</span> <span class='ocrx_word' id='word_1_330' title='bbox 2877 4605 2972 4660; x_wconf 89' lang='lat' dir='ltr'>die</span> 
     </span>
     <span class='ocr_line' id='line_1_39' title="bbox 419 4693 2270 4762; baseline -0.001 -13"><span class='ocrx_word' id='word_1_331' title='bbox 419 4694 737 4750; x_wconf 81' lang='lat' dir='ltr'>Abnahme</span> <span class='ocrx_word' id='word_1_332' title='bbox 773 4695 967 4751; x_wconf 85' lang='lat' dir='ltr'>dieser</span> <span class='ocrx_word' id='word_1_333' title='bbox 1003 4695 1344 4751; x_wconf 86' lang='lat' dir='ltr'>bedeutend</span> <span class='ocrx_word' id='word_1_334' title='bbox 1380 4693 1698 4762; x_wconf 88' lang='lat' dir='ltr'>gehindert</span> <span class='ocrx_word' id='word_1_335' title='bbox 1734 4694 1980 4748; x_wconf 85' lang='lat' dir='ltr'>werden</span> <span class='ocrx_word' id='word_1_336' title='bbox 2017 4693 2270 4748; x_wconf 86' lang='lat' dir='ltr'>muszte.</span> 
     </span>
    </p>

    <p class='ocr_par' dir='ltr' id='par_1_9' title="bbox 488 4781 1310 4852">
     <span class='ocr_line' id='line_1_40' title="bbox 488 4781 1310 4852; baseline 0 -15"><span class='ocrx_word' id='word_1_337' title='bbox 488 4783 531 4848; x_wconf 84' lang='lat'>⁴)</span> <span class='ocrx_word' id='word_1_338' title='bbox 568 4782 732 4838; x_wconf 86' lang='lat' dir='ltr'>Suet.</span> <span class='ocrx_word' id='word_1_339' title='bbox 770 4784 926 4852; x_wconf 81' lang='lat' dir='ltr'>Aug.</span> <span class='ocrx_word' id='word_1_340' title='bbox 960 4783 1030 4837; x_wconf 86' lang='lat'>32</span> <span class='ocrx_word' id='word_1_341' title='bbox 1043 4799 1058 4852; x_wconf 76' lang='lat'><em>3</em></span> <span class='ocrx_word' id='word_1_342' title='bbox 1097 4781 1222 4838; x_wconf 81' lang='lat' dir='ltr'>Tib.</span> <span class='ocrx_word' id='word_1_343' title='bbox 1257 4783 1310 4838; x_wconf 89' lang='lat'>8.</span> 
     </span>
    </p>

    <p class='ocr_par' dir='ltr' id='par_1_10' title="bbox 491 4866 2971 4939">
     <span class='ocr_line' id='line_1_41' title="bbox 491 4866 2971 4939; baseline 0 -16"><span class='ocrx_word' id='word_1_344' title='bbox 491 4869 530 4939; x_wconf 84' lang='lat'>⁸)</span> <span class='ocrx_word' id='word_1_345' title='bbox 566 4868 628 4923; x_wconf 83' lang='lat' dir='ltr'>F.</span> <span class='ocrx_word' id='word_1_346' title='bbox 666 4869 853 4939; x_wconf 67' lang='lat' dir='ltr'>Hmz,</span> <span class='ocrx_word' id='word_1_347' title='bbox 889 4870 1166 4939; x_wconf 83' lang='lat' dir='ltr'>Moderne</span> <span class='ocrx_word' id='word_1_348' title='bbox 1204 4868 1727 4925; x_wconf 82' lang='lat' dir='ltr'>Bassentheorien.</span> <span class='ocrx_word' id='word_1_349' title='bbox 1766 4882 1818 4936; x_wconf 91' lang='lat' dir='ltr'>p.</span> <span class='ocrx_word' id='word_1_350' title='bbox 1854 4868 1977 4923; x_wconf 82' lang='lat'>215.</span> <span class='ocrx_word' id='word_1_351' title='bbox 2013 4868 2129 4923; x_wconf 92' lang='lat' dir='ltr'>Der</span> <span class='ocrx_word' id='word_1_352' title='bbox 2164 4866 2374 4923; x_wconf 82' lang='lat' dir='ltr'>Grund</span> <span class='ocrx_word' id='word_1_353' title='bbox 2411 4866 2608 4923; x_wconf 73' lang='lat' dir='ltr'>hiefur</span> <span class='ocrx_word' id='word_1_354' title='bbox 2642 4866 2789 4933; x_wconf 81' lang='lat' dir='ltr'>liegt</span> <span class='ocrx_word' id='word_1_355' title='bbox 2827 4868 2882 4921; x_wconf 83' lang='lat'>1⁰</span> <span class='ocrx_word' id='word_1_356' title='bbox 2908 4867 2971 4923; x_wconf 93' lang='lat' dir='ltr'>in</span> 
     </span>
    </p>
   </div>
   <div class='ocr_carea' id='block_1_7' title="bbox 2743 4962 2781 5019">
    <p class='ocr_par' dir='ltr' id='par_1_11' title="bbox 2743 4962 2781 5019">
     <span class='ocr_line' id='line_1_42' title="bbox 2743 4962 2781 5019; baseline 0 0"><span class='ocrx_word' id='word_1_357' title='bbox 2743 4962 2781 5019; x_wconf 84' lang='lat'>8</span> 
     </span>
    </p>
   </div>
  </div>
 </body>
</html>
