3770 5738
2041 510 2083 573 4

779 707 1113 772 dicuntur
1166 707 1393 791 „servi
1418 708 1647 771 terrae
1673 706 1783 770 cui
1824 706 1975 770 nati
2006 705 2221 770 sunt''
2249 701 2320 781 ¹).
2369 705 2559 770 Alibi
2587 709 2934 771 vocantur
2962 706 3338 791 „adscripti

775 824 1126 907 praediis’'
1154 823 1210 905 2)
1258 824 1367 890 vel
1430 841 1794 909 „agrorum
1845 824 2151 890 vinculis
2199 824 2569 890 adstricti”
2598 820 2670 902 ³).

860 943 961 1006 Ex
1011 960 1092 1008 eo
1138 944 1379 1007 autem
1446 942 1626 1021 quod
1678 941 1829 1022 lege
1888 946 2109 1008 terrae
2153 946 2324 1008 sunt
2372 943 2592 1024 ligati,
2631 943 2780 1024 jam
2829 944 3149 1024 sequitur
3193 960 3334 1008 eos·

768 1062 925 1125 dem
998 1060 1277 1126 domino
1347 1061 1681 1125 astrictos
1744 1077 1932 1142 esse;
1999 1078 2126 1126 nec
2193 1062 2530 1126 miramur
2592 1061 2873 1127 colonos
2927 1062 3336 1144 saepissime

766 1180 899 1243 dici
948 1181 1340 1260 competere
1387 1180 1674 1243 dominis
1721 1180 1978 1261 quippe
2026 1180 2143 1261 qui
2193 1179 2404 1244 simul
2445 1180 2593 1244 sint
2617 1195 3056 1279 possessores
3080 1182 3334 1246 terrae.

772 1297 867 1362 Ut
944 1297 1241 1377 legimus
1327 1299 1394 1361 in
1484 1297 1766 1362 Arcadii
1837 1299 2346 1363 constitutione
2425 1298 2764 1379 quadam:
2843 1315 3128 1382 „servos
3222 1297 3332 1362 vel

766 1417 1183 1481 tributarios
1252 1415 1362 1480 vel
1437 1416 1818 1496 inquilinos
1889 1417 2069 1496 apud
2136 1416 2454 1482 dominos
2519 1433 2687 1481 suos
2740 1417 3069 1482 volumus
3118 1432 3333 1482 rema·

765 1534 975 1599 nere’'
1003 1530 1087 1616 4);
1135 1535 1301 1598 alibi
1351 1535 1650 1615 imperat
1698 1534 1882 1599 idem
1932 1538 2015 1598 ut
2060 1535 2129 1598 in
2173 1534 2577 1599 Palaestina
2601 1536 2673 1599 in
2714 1536 3076 1617 posterum
3106 1534 3332 1600 coloni

771 1653 1090 1738 „domino
1160 1652 1358 1718 fundi
1437 1649 1961 1729 teneantur'’⁵).
2057 1652 2234 1735 Quin
2300 1655 2516 1719 etiam
2589 1652 2876 1719 colonus
2938 1652 3198 1717 dicitur
3249 1671 3332 1737 „a

766 1772 1043 1837 domino
1114 1771 1500 1853 possideri'’
1529 1767 1615 1852 6);
1689 1774 1904 1851 atque
1969 1771 2180 1853 hujus
2246 1771 2784 1857 „proprietatis”
2834 1771 3100 1836 mentio
3148 1770 3231 1836 fit
3256 1768 3327 1853 ⁷).

766 1890 1283 1972 Nonnunquam
1344 1894 1641 1970 utraque
1705 1891 1888 1955 ratio
1964 1890 2236 1955 dicendi
2310 1890 2689 1972 conjuncta
2751 1892 2996 1954 exstat
3063 1906 3198 1970 quo
3247 1888 3329 1953 fit

762 2011 845 2073 ut
913 2008 1129 2074 semel
1200 2008 1689 2074 renuntiatum
1760 2007 2076 2089 legamus
2146 2024 2388 2074 omnes
2451 2008 2791 2089 fugitivos
2845 2007 3163 2091 „domino
3212 2007 3326 2073 vel

759 2127 975 2192 fundo
1024 2143 1178 2192 esse
1227 2124 1658 2191 reddendos’'
1687 2121 1757 2203 ⁸).

852 2246 988 2310 Eos
1035 2249 1273 2310 tamen
1319 2245 1477 2325 jure
1525 2247 1756 2310 terrae
1803 2247 2089 2310 tantum
2144 2260 2367 2326 neque
2411 2244 2691 2309 domino
2718 2244 2954 2310 deberi
2979 2244 3322 2326 imprimis

760 2380 849 2428 ex
919 2380 999 2428 eo
1063 2365 1354 2445 apparet
1422 2363 1601 2444 quod
1668 2363 1778 2427 hic
1850 2380 1986 2428 non
2056 2381 2183 2428 suo
2231 2363 2523 2429 arbitrio
2575 2362 2838 2429 colonis
2885 2363 2993 2427 uti
3043 2365 3317 2444 potest:

758 2482 1090 2546 nimirum
1161 2498 1300 2546 non
1373 2480 1585 2547 habet
1646 2483 2081 2563 potestatem
2150 2499 2271 2547 eos
2339 2481 2711 2563 separandi
2770 2498 2812 2546 a
2869 2484 3060 2546 terra
3108 2498 3316 2561 quarn

756 2599 1019 2665 colunt.
1110 2598 1274 2665 Sine
1343 2600 1473 2664 hac
1546 2600 1834 2664 minime
1908 2600 2075 2665 licet
2122 2616 2241 2666 eos
2287 2600 2589 2665 vendere
2613 2594 2686 2681 ⁹),
2736 2616 2960 2680 neque
3008 2617 3314 2681 unquam

754 2718 933 2782 hanc
997 2718 1147 2782 sine
1209 2716 1473 2783 colonis
1494 2712 1606 2799 ¹⁰);
1670 2717 1873 2798 qu‘us
1921 2718 2280 2783 interdicti
2329 2735 2543 2784 causa
2588 2718 2805 2783 semel
2853 2718 3022 2783 haec
3070 2717 3312 2783 datur:

762 2853 962 2921 „cum
1032 2835 1301 2919 plebem
1374 2838 1656 2902 constat
1726 2853 1863 2902 non
1932 2838 2078 2902 tam
2152 2837 2553 2903 hominibus
2595 2853 2802 2918 quam
2851 2836 3158 2916 praediis
3203 2835 3313 2902 ad-

755 2955 1193 3021 scribendam
1247 2971 1471 3035 neque
1511 2954 1966 3020 auferendam
2013 2956 2099 3021 ab
2147 2971 2228 3021 eo
2277 2955 2387 3020 cui
2414 2955 2630 3020 semel
2655 2955 2949 3037 posthac
2973 2954 3314 3038 deputata

752 3072 966 3138 fuerit
988 3067 1085 3148 ¹¹).
1152 3072 1342 3154 Quod
1402 3073 1463 3137 si
1511 3072 1775 3155 praedii
1823 3089 1986 3154 pars
2034 3074 2257 3158 venit,
2307 3077 2419 3140 tot
2468 3073 2693 3140 coloni
2741 3076 2815 3138 et
2862 3074 3050 3139 servi
3099 3074 3308 3139 simul

824 3213 867 3277 1)
907 3211 1020 3268 C.J.
1060 3212 1167 3267 XI.
1203 3212 1290 3267 52.

822 3301 864 3364 ¹)
900 3299 963 3354 L.
997 3299 1082 3354 26.
1119 3298 1289 3355 Ο.Τ1ι.
1327 3298 1433 3355 XI.
1472 3301 1521 3355 1.

829 3386 868 3449 ⁸)
904 3386 967 3441 L.
1003 3386 1054 3441 3.
1092 3385 1207 3443 C.J.
1246 3386 1354 3442 XI.
1390 3387 1472 3442 64.

823 3475 869 3542 ⁴)
909 3474 971 3529 L.
1008 3475 1092 3529 12.
1129 3473 1244 3530 C.J.
1283 3474 1391 3530 XI.
1427 3475 1512 3530 48.

824 3561 863 3624 5)
901 3560 1014 3617 C.J.
1053 3561 1163 3616 XI.
1196 3561 1285 3617 51.

826 3649 864 3711 ⁸)
901 3649 965 3704 L.
1003 3651 1055 3704 1.
1093 3648 1153 3704 C.
1192 3647 1299 3704 Th.
1337 3648 1408 3704 V.
1445 3651 1530 3704 10.

825 3735 868 3803 7)
903 3736 966 3791 L.
1021 3736 1072 3791 1.
1122 3737 1157 3803 ς
1209 3736 1262 3791 2.
1317 3734 1660 3795 o.'1·h.v.10;
1717 3736 1781 3792 L.
1837 3739 1888 3792 1.
1935 3736 2104 3792 C.Th.
2161 3736 2268 3793 IV.
2316 3737 2401 3793 23.
2441 3736 2522 3792 Cf.
2563 3733 2628 3792 L.
2660 3738 2710 3793 2.
2747 3739 2782 3805 5
2817 3737 2870 3793 2.
2908 3735 3079 3793 C.Th.
3116 3737 3192 3793 X.
3231 3737 3314 3793 12.

755 3824 930 3892 cujus
966 3838 1031 3878 se
1068 3837 1200 3878 esse
1243 3824 1575 3894 profitetur.

825 3910 867 3980 ⁸)
905 3910 967 3966 L.
1007 3911 1089 3966 11.
1126 3909 1186 3966 C.
1189 3910 1241 3966 J.
1277 3910 1386 3967 XI.
1412 3911 1500 3966 48.

827 3998 870 4063 ⁹)
910 3998 971 4052 L.
1010 3998 1061 4053 7.
1098 3997 1155 4054 G.
1160 3998 1212 4053 J.
1250 3997 1360 4054 XI.
1395 3999 1481 4054 48.
1520 3997 2030 4066 Quemadmodem
2072 3998 2425 4067 originarios
2460 4000 2687 4068 absque
2723 4001 2899 4069 terra,
2934 3999 3022 4055 ita
3057 3998 3317 4054 rusticos

756 4086 1138 4155 censitosque
1175 4099 1381 4140 servos
1417 4086 1596 4141 vendi
1633 4085 2011 4142 omnifariam
2048 4100 2168 4142 non
2205 4086 2365 4142 licet.

810 4173 874 4240 ¹⁰)
911 4173 974 4229 L.
1008 4174 1061 4228 2.
1097 4171 1211 4228 C.J.
1248 4172 1358 4228 XI.
1392 4173 1477 4230 48.
1516 4173 1579 4229 Si
1614 4175 1750 4242 quis
1774 4174 2087 4244 praedium
2114 4174 2375 4229 vendere
2403 4173 2666 4230 voluerit
2686 4174 2781 4229 vel
2799 4173 3039 4243 donare
3058 4174 3315 4229 retinere

755 4261 868 4315 sibi
925 4259 1371 4316 transferendos
1424 4261 1498 4316 ad
1552 4261 1670 4317 alia
1719 4262 1850 4317 loca
1904 4261 2147 4317 colonos
2206 4262 2438 4331 privata
2483 4261 2760 4330 pactione
2798 4275 2921 4317 non
2957 4261 3165 4330 possit.
3204 4259 3313 4327 Qui

755 4348 917 4404 enim
973 4349 1215 4404 colonos
1271 4348 1451 4404 utiles
1498 4349 1770 4414 credunt,
1805 4351 1916 4405 aut
1949 4364 2088 4404 cum
2125 4348 2381 4418 praediis
2412 4362 2516 4404 eos
2551 4349 2757 4404 tenere
2793 4349 3015 4404 debent
3049 4350 3157 4405 aut
3191 4362 3313 4418 pro·

755 4434 992 4490 futuros
1025 4435 1158 4490 aliis
1193 4435 1622 4505 derelinquere,
1658 4436 1710 4491 si
1745 4437 1859 4506 ipsi
1897 4436 2010 4491 sibi
2052 4435 2361 4505 praedium
2381 4435 2663 4504 prodesse
2683 4436 3017 4505 desperant.
3051 4466 3104 4474 -
3148 4434 3314 4491 L.26.

757 4521 927 4580 C.'rh.
963 4523 1072 4579 XI.
1108 4526 1190 4580 1..
1218 4565 1231 4579 .
1256 4565 1305 4578 ..
1341 4524 1392 4578 si
1428 4524 1502 4579 ad
1538 4523 1786 4579 alterius
1820 4537 2142 4593 personam
2179 4522 2580 4579 transferatur
2607 4523 2941 4593 praedium,
2977 4523 3076 4578 c'ui
3111 4523 3316 4577 certus

755 4611 946 4681 plebis
998 4626 1290 4668 numerus
1342 4612 1527 4668 fuerit
1578 4611 1934 4681 adscriptus,
1991 4611 2219 4666 venditi
2273 4625 2455 4666 onera
2502 4611 2781 4666 novellus
2816 4624 3124 4680 possessor
3158 4623 3315 4665 com·

755 4699 1014 4769 pellatur
1045 4714 1387 4768 agnoscere.
3121 4725 3126 4730 «

812 4787 875 4852 ¹¹)
910 4787 970 4842 L.
1007 4788 1091 4843 26.
1132 4786 1303 4843 Cll'h.
1337 4786 1447 4843 XI.
1484 4787 1533 4842 1.
1572 4800 1725 4856 „non
1762 4787 1892 4842 tam
1928 4785 2278 4841 hominibus
2314 4800 2497 4855 quam
2532 4785 2825 4856 praediis''
2859 4784 3097 4853 egregia
3113 4798 3315 4840 emen-

754 4875 914 4931 datio
952 4874 1299 4931 Gothofredi
1336 4876 1458 4930 est:
1495 4874 1557 4929 in
1596 4873 1764 4929 codd.
1799 4873 2020 4943 legitur
2059 4888 2213 4943 „non
2250 4874 2377 4929 tam
2413 4874 2476 4929 in
2513 4873 2798 4930 omnibus
2832 4871 3138 4941 praediis.”
