3770 5738
2013 484 2101 549 20

778 680 1253 746 condicionem
1319 681 1694 746 liberorum
1751 697 1840 745 ex
1888 680 2284 762 huJusmodi
2333 679 2800 745 matrimoniis
2846 682 3334 763 susceptorum

773 800 1246 882 moderantur,
1296 799 1424 864 hoc
1471 798 1932 863 interdictum
1981 815 2420 880 nequaquam
2467 815 2713 864 severe
2754 802 3120 864 servatum
3159 816 3332 865 esse.

772 916 851 981 In
944 920 1229 999 postera
1314 917 1463 998 lege
1533 917 2059 982 Justininianus
2128 917 2560 998 propositum
2655 934 2862 981 suum
2935 917 3335 983 accuratius

774 1034 1207 1115 enucleavit;
1257 1034 1662 1100 enuntiavit
1701 1035 1891 1099 enim
1939 1033 2133 1100 illam
2183 1034 2560 1100 beneficam
2612 1034 2834 1115 legem
2882 1035 2966 1099 de
3006 1034 3335 1100 libertate

773 1169 1034 1234 eorum,
1086 1153 1204 1233 qui
1230 1169 1319 1217 ex
1344 1157 1570 1218 matre
1596 1153 1813 1217 libera
1848 1155 1923 1218 et
1947 1153 2396 1233 adscripticio
2420 1153 2735 1237 suscepti
2762 1155 3021 1235 essent,
3049 1154 3336 1217 minime

774 1271 843 1334 in
893 1271 1354 1350 praeteritum
1403 1288 1675 1352 quoque
1723 1271 1994 1352 valere;
2044 1272 2441 1352 quicunque
2489 1272 2638 1335 nati
2687 1274 2926 1335 essent
2964 1274 3131 1336 ante
3157 1272 3337 1335 hanc

774 1387 999 1468 legem
1042 1389 1136 1469 (L.
1184 1392 1291 1455 24.
1343 1388 1414 1453 C.
1461 1390 1523 1453 J.
1575 1389 1700 1455 XI.
1755 1388 1869 1472 48)
1916 1389 2454 1470 promulgatam,
2504 1391 2779 1454 statuto
2826 1389 3157 1470 antiquae
3182 1406 3336 1454 con-

773 1506 1171 1572 stitutionis
1242 1508 1523 1572 obnoxii
1590 1510 1959 1573 manerent
1987 1504 2070 1590 ¹);
2146 1526 2235 1573 ex
2305 1525 2441 1588 quo
2512 1508 2728 1572 etiam
2789 1509 3084 1589 apparet
3139 1507 3337 1572 illam

774 1623 1300 1690 innovationem
1356 1625 1574 1690 fuisse
1619 1625 1659 1690 J
1666 1626 2028 1690 ustiniani.

865 1743 1121 1809 Postea
1189 1747 1430 1809 autem
1500 1745 1647 1825 ipse
1714 1744 1908 1810 illam
1956 1744 2361 1809 libertatem
2410 1744 2635 1809 denuo
2686 1760 3106 1825 magnopere
3155 1760 3336 1809 coer·

773 1862 956 1943 cuit;
1053 1861 1615 1943 quandoquidem
1684 1863 1901 1927 etiam
1972 1862 2171 1927 liberi
2265 1863 2665 1928 colonorum
2759 1862 3041 1944 praedio
3135 1861 3338 1943 ligati

774 1981 1179 2063 manebant,
1227 1980 1394 2046 ferri
1436 1998 1573 2046 non
1623 1980 1860 2063 potuit
1908 1998 2047 2063 eos,
2096 1982 2215 2063 qui
2262 1998 2353 2046 ex
2399 1982 2847 2064 adscripticio
2893 1981 3046 2046 nati
3073 1984 3335 2063 essent,

768 2115 1055 2180 prorsus
1128 2098 1381 2163 liberos
1446 2098 1619 2164 fieri.
1666 2099 1933 2165 Idcirco
1983 2100 2243 2165 statuit
2291 2103 2373 2165 ut
2420 2101 2539 2181 qui
2585 2118 2674 2166 ex
2722 2100 2942 2166 libera
2988 2102 3213 2164 matre
3261 2101 3340 2164 et

771 2216 1221 2299 adscripticio
1293 2218 1602 2298 suscepti
1672 2221 1932 2300 essent,
1977 2218 2176 2284 liberi
2220 2219 2500 2300 quidem
2546 2221 2936 2300 manerent,
2986 2235 3205 2299 aeque
3250 2234 3338 2282 ac

770 2339 1019 2417 mater,
1069 2338 1141 2400 et
1189 2335 1537 2417 peculium
1587 2353 1793 2401 suum
1841 2340 2210 2402 servarent
2255 2374 2338 2383 —
2387 2337 2565 2419 quod
2609 2340 2691 2402 ut
2730 2337 2914 2402 infra
2938 2335 3337 2402 videbimus

769 2454 1055 2519 minime
1103 2455 1385 2519 valebat
1431 2455 1516 2519 de
1563 2455 2033 2536 adscripticiis
2081 2492 2164 2502 —
2214 2456 2431 2522 nihilo
2478 2457 2708 2521 secius
2755 2455 2857 2521 eis
2901 2472 3040 2520 non
3087 2454 3336 2520 liceret

765 2752 960 2808 neque
1012 2738 1260 2808 nuptiae
1318 2740 1470 2794 sunt
1518 2738 1677 2806 quod
1730 2737 1964 2794 factum
1999 2740 2111 2809 est,
2148 2752 2260 2794 nec
2297 2738 2517 2795 oblatio
2554 2737 2712 2793 dotis
2744 2750 2856 2793 nec
2894 2737 3335 2807 antenuptialis

765 2825 1143 2896 donationis,
1162 2826 1266 2882 sed
1304 2840 1455 2895 pura
1488 2824 1626 2882 facti
1657 2825 1798 2882 mali
1830 2827 2133 2883 correctio.
2166 2826 2263 2882 Sic
2285 2826 2490 2896 itaque
2508 2824 2894 2882 matrimonia
2912 2824 3336 2882 dissolvuntur

764 2915 1114 2970 viventibus
1167 2914 1366 2969 adhuc
1420 2914 1534 2984 his,
1589 2914 1692 2982 qui
1744 2928 1816 2969 ea
1869 2914 2308 2969 contraxerunt
2360 2915 2423 2969 et
2474 2913 2852 2982 pecuniariae
2905 2927 3131 2982 poenae
3171 2912 3336 2969 circa

764 3002 967 3058 dotem
1003 3004 1067 3058 et
1100 3000 1515 3071 sponsalitiam
1554 3014 1744 3070 paene
1780 3002 2133 3057 consistunt
2166 3001 2572 3057 donationem.

832 3088 873 3157 ¹)
909 3089 1060 3144 Nov,
1113 3088 1271 3144 Just.
1324 3087 1477 3143 LIV.
1530 3087 1719 3143 Praef.
1773 3088 1844 3143 In
1889 3089 2148 3157 quadam
2207 3089 2552 3144 nostrarum
2606 3086 3117 3143 constitutionum
3174 3086 3332 3142 nihil

764 3177 1148 3234 obscuritatis
1205 3176 1465 3232 habente
1517 3178 1715 3232 motae
1752 3179 1903 3233 sunt
1936 3177 2321 3246 quaestiones
2356 3177 2430 3232 ab
2467 3176 2766 3244 aliquibus
2802 3190 2881 3231 ex
2917 3175 3118 3230 studio
3153 3176 3218 3230 et
3254 3174 3335 3231 ad

762 3279 937 3320 suam
989 3264 1390 3320 intentionem
1442 3264 1875 3319 obscuritatem
1931 3264 1986 3319 ei
2036 3264 2576 3320 introducentibus.
2628 3262 2779 3318 Cum
2835 3263 2996 3318 enim
3034 3260 3338 3318 libertatis

762 3353 1063 3407 amatores
1116 3351 1324 3420 simus,
1380 3365 1571 3420 nuper
1623 3351 1939 3420 posuimus
1987 3352 2201 3420 legem,
2238 3353 2310 3407 ut
2345 3367 2467 3408 non
2504 3351 2844 3407 secundum
2880 3349 3338 3420 antiquitatem,

762 3440 813 3494 si
871 3453 947 3494 ex
1005 3438 1382 3507 adscripticia
1418 3439 1482 3493 et
1515 3438 1700 3494 libera
1734 3453 1991 3508 persona
2026 3440 2384 3507 processerit
2417 3438 2674 3509 suboles,
2711 3438 2958 3494 omnino
2994 3451 3126 3492 eam
3158 3437 3339 3505 sequi

759 3525 1200 3595 adscripticiam
1244 3524 1568 3596 fortunam,
1615 3526 1721 3581 sed
1755 3526 2093 3581 secundum
2129 3526 2362 3581 servilis
2396 3525 2673 3582 fortunae
2710 3525 3206 3593 observationem,
3242 3524 3338 3579 sic

760 3613 944 3668 etiam
964 3627 1145 3682 super
1164 3612 1558 3682 adscripticiis
1578 3614 1794 3683 putari,
1829 3618 1894 3669 et
1928 3614 2266 3669 secundum
2303 3613 2533 3668 ventris
2568 3614 2799 3667 statum
2835 3612 3019 3668 etiam
3055 3612 3190 3679 ejus
3226 3611 3340 3681 qui

764 3701 1035 3756 nascitur
1071 3699 1431 3755 considerari
1469 3700 1791 3757 fortunam.
1829 3701 1922 3756 Ex
1959 3701 2143 3756 libera
2179 3714 2444 3769 namque
2480 3702 2674 3755 matre
2709 3698 3024 3767 procedere
3048 3698 3341 3755 servilem

762 3789 1003 3856 partum
1042 3789 1249 3843 nostra
1284 3787 1664 3843 benefaciens
1700 3788 1896 3845 noluit
1930 3789 2056 3856 lex;
2096 3789 2382 3857 quoniam
2419 3787 2688 3843 diximus
2723 3786 2786 3842 in
2823 3785 2970 3856 lege,
3006 3785 3058 3841 si
3081 3786 3341 3854 quidam·

762 3875 1072 3944 coniuncti
1108 3876 1256 3931 sunt
1291 3874 1644 3930 mulieribus
1681 3877 1808 3931 sive
1844 3877 2028 3932 etiam
2066 3876 2380 3945 conJ'uncti
2415 3875 2660 3941 fuerint,
2697 3876 2761 3930 et
2786 3872 2891 3928 filii
2923 3875 3345 3944 procreantur,

761 3963 848 4017 ita
882 3961 1077 4031 legem
1112 3962 1176 4017 in
1212 3962 1311 4018 his
1346 3963 1452 4032 qui
1486 3964 1879 4031 procreantur
1915 3963 2130 4020 valere.
2169 3963 2421 4031 Quidam
2455 3964 2666 4019 autem
2704 3962 2790 4017 sic
2810 3959 2976 4016 fatue
2995 3960 3102 4015 aut
3119 3960 3343 4017 callide

761 4051 1142 4119 interpretari
1197 4050 1313 4106 nisi
1367 4051 1517 4106 sunt
1567 4050 1779 4120 legem,
1837 4053 1911 4107 ut
1964 4052 2147 4108 etiam
2201 4053 2252 4106 si
2306 4052 2448 4108 ante
2483 4049 2981 4106 constitutionem
3019 4048 3146 4124 nati
3182 4051 3344 4105 sunt

762 4138 965 4207 aliqui,
984 4138 1079 4193 vel
1109 4139 1162 4192 si
1191 4138 1363 4193 valde
1382 4139 1509 4193 sint
1528 4153 1721 4207 senes,
1740 4141 1963 4208 putent
1982 4154 2084 4195 eos
2102 4138 2339 4195 liberari
2360 4140 2672 4207 tamquam
2694 4137 2856 4192 enim
2878 4136 3054 4193 modo
3074 4138 3255 4192 natos
3274 4139 3346 4192 et

764 4240 887 4281 non
923 4226 1098 4294 longe
1135 4226 1560 4295 praecedentes
1596 4227 1824 4296 legem;
1860 4242 2000 4283 cum
2039 4227 2250 4296 utique
2288 4241 2400 4282 nos
2436 4226 2601 4281 hunc
2637 4225 3030 4281 habuerimus
3066 4222 3343 4279 intellec·

764 4315 918 4382 tum,
973 4316 1044 4368 ut
1100 4313 1150 4368 si
1205 4313 1531 4369 cohaerent
1575 4314 1704 4383 jam
1754 4315 2000 4384 quidam
2058 4314 2349 4370 uxoribus
2385 4315 2449 4369 et
2494 4320 2631 4383 post.
2664 4311 2859 4382 legem
2896 4312 3003 4367 filii
3038 4313 3346 4380 procreati

763 4401 984 4465 essent,
1039 4403 1149 4456 aut
1177 4415 1300 4456 non
1332 4401 1657 4457 cohaerent
1692 4402 1955 4471 quidem,
1990 4403 2200 4472 postea
2233 4415 2373 4457 vero
2410 4401 2659 4470 nuptiae
2696 4399 2927 4465 fierent,
2963 4399 3099 4468 post
3132 4399 3346 4467 legem

760 4486 890 4541 nati
928 4486 1220 4543 haberent
1254 4502 1330 4543 ex
1367 4487 1498 4558 lege
1535 4489 1739 4544 datam
1775 4489 2133 4545 libertatem.
2172 4488 2309 4558 Cap.
2346 4488 2391 4544 1.
2429 4488 2518 4543 Ne
2554 4488 2740 4556 igitur
2775 4487 2952 4541 liceat
2986 4486 3219 4541 artibus
3242 4488 3347 4542 uti

763 4575 827 4629 et
876 4574 1191 4643 malignari
1246 4578 1311 4630 et
1362 4577 1816 4645 possessionum
1873 4591 2085 4632 nocere
2141 4577 2401 4632 dominis
2454 4575 2678 4632 talibus
2712 4572 3349 4644 interpretationibuS,

760 4663 1073 4730 propterea
1127 4663 1437 4718 sancimus
1472 4678 1683 4719 omnes
1721 4665 1823 4733 qui
1860 4664 1987 4719 nati
2024 4666 2175 4719 sunt
2207 4678 2244 4718 a
2278 4664 2545 4732 tempore
2580 4662 2747 4731 legis,
2784 4662 2895 4716 hos
2930 4661 3162 4716 solutos
3195 4675 3351 4717 esse

759 4749 1140 4820 adscripticia
1191 4751 1451 4821 fortuna,
1505 4752 1557 4807 si
1611 4766 1690 4807 ex
1741 4751 1945 4806 liberis
1998 4752 2329 4807 nascantur
2371 4750 2686 4820 matribuS,
2722 4762 2901 4805 omne
2938 4748 3349 4817 praeteritum

759 4836 1045 4920 antiquae
1080 4839 1448 4895 servandum
1481 4838 1620 4907 legi.
3073 4830 3076 4833 ⁴
