3770 5738
2007 538 2135 603 166

810 729 1140 814 naleving
1209 750 1345 797 van
1397 733 2006 800 werkcontracten
2049 736 2125 801 of
2156 737 2280 801 het
2325 736 2784 817 begunstigen
2836 736 3142 802 daarvan
3198 738 3365 816 door

807 851 934 916 het
976 851 1348 917 verleenen
1396 870 1536 918 van
1591 854 2112 935 huisvestiging
2156 872 2288 919 9911
2349 892 2412 901 -
2472 853 2551 920 of
2588 856 2710 920 1191,
2757 855 2827 920 111
2854 855 3087 921 diensi>
3111 872 3359 923 nemen

809 985 946 1033 van
995 985 1123 1034 een
1173 971 1558 1053 werkman,
1608 971 1719 1037 die
1757 973 1908 1038 11191,
1957 972 2121 1037 door
2145 990 2271 1038 een
2298 973 3037 1054 behoorlijkingevuld
3063 975 3361 1056 011115193-

808 1087 1054 1170 briefje
1082 1137 1096 1152 .
1126 1137 1184 1152 ..
1236 1090 1428 1155 heeft
1477 1091 1802 1156 bewezen
1854 1091 2095 1172 geheel
2144 1093 2270 1173 vrij
2321 1094 2392 1157 19
2441 1093 2572 1174 ziJn
2626 1109 2761 1157 van
2789 1092 3361 1174 dienstverplich·

808 1207 1046 1288 bingen
1098 1209 1474 1288 tegenover
1496 1267 1500 1272 .
1521 1209 1847 1290 anderen,
1875 1209 2104 1274 wordt
2125 1259 2138 1274 .
2163 1259 2207 1274 ..
2240 1210 2572 1290 gestraft.
2595 1260 2645 1275 ..
2678 1214 2824 1275 met,
2850 1228 2975 1276 een
3002 1211 3361 1292 geldboete

810 1343 946 1390 van
1018 1329 1138 1391 ten
1204 1327 1493 1408 hoogste
1570 1328 1697 1392 100
1768 1327 1908 1408 gld.
1953 1329 2029 1393 of
2070 1329 2684 1408 gevangenisstraf
2724 1335 2860 1393 van
2910 1331 3031 1394 1911
3071 1330 3362 1411 hoogste

807 1445 973 1509 aoht
1019 1445 1237 1525 dagen
1268 1494 1281 1508 .
1312 1495 1326 1510 .
1358 1445 1418 1508 .”
1469 1445 1700 1512 Primo
1755 1448 1987 1527 capite
2036 1447 2355 1512 videmus
2403 1447 2795 1529 complures
2844 1448 3034 1529 leges
3080 1449 3356 1514 easdem

807 1563 950 1628 fere
998 1580 1257 1644 poenas
1282 1564 1588 1629 minatas
1613 1581 1766 1629 esse
1791 1565 2361 1658 detentatoribus·
2378 1565 2780 1631 colonorum
2803 1566 3260 1647 fugitivorum
3289 1562 3359 1644 ¹).

899 1681 1547 1747 commodissimam
1615 1685 1854 1747 autem
1927 1683 2315 1764 analogiam
2364 1686 2655 1765 praebet
2701 1685 2815 1749 lex
2862 1686 3232 1751 Borussica
3278 1686 3362 1751 de

737 1789 744 1798 ’
803 1799 962 1881 jure
1009 1800 1482 1881 operariorum
1532 1802 1977 1867 rusticorum.
2030 1801 2262 1883 Hujus
2310 1802 2498 1867 enim
2546 1802 2718 1883 legis
2766 1803 3000 1884 (datae
3040 1804 3102 1868 d.
3133 1805 3359 1869 24.m.

808 1919 978 2001 Apr.
1035 1918 1234 1995 1854)
1284 1910 1762 2000 paragraphus
1810 1919 1841 1984 I
1889 1920 1974 2000 ei,
2024 1920 2142 2001 qui
2195 1921 2414 2004 „ohne
2461 1922 3003 2003 gesetzmassige
3052 1921 3364 1988 Ursache

809 2036 937 2102 den
1034 2036 1283 2102 Dienst
1356 2041 1642 2118 versagb
1703 2038 1868 2102 oder
1938 2038 2331 2133 verlaszt”·
2364 2056 2655 2120 poenam
2724 2041 2983 2105 statuit,
3059 2040 3205 2124 „bis
3275 2057 3361 2104 zu
3395 2084 3414 2111 .

805 2154 967 2220 fimf
1027 2154 1323 2220 Thalern
1396 2155 1596 2220 oder.
1629 2155 2009 2237 Gefangnis
2057 2158 2163 2223 bis
2201 2176 2289 2222 zu
2338 2158 2482 2222 drei
2533 2155 2907 2238 Tagen'’²).
2959 2158 3105 2240 Quo
3155 2159 3364 2224 citius

805 2275 935 2339 hoc
1020 2273 1533 2356 praescriptum
1627 2279 2203 2356 exsequerentur,
2295 2276 2633 2341 ,Iustitiae
2696 2276 3015 2370 Minister
3084 2276 3366 2359 scripsit

753 2447 760 2458 .
814 2392 1431 2477 „promemoriam”
1482 2411 1658 2475 quae
1707 2393 1982 2476 dicitur,
2034 2394 2270 2459 datam
2321 2395 2382 2461 d.
2434 2396 2496 2458 4.
2549 2412 2635 2458 m.
2688 2394 2836 2459 Oct.
2893 2395 3089 2474 1883,
3118 2395 3188 2459 in
3228 2411 3366 2475 qua

791 2512 995 2577 1111191
1040 2512 1178 2576 9119
1226 2512 1395 2578 11999
1439 2529 1711 2592 quoque
1738 2482 2017 2578 insunt:
2075 2513 2279 2597 „dasz
2307 2514 2426 2578 der
2456 2514 2779 2578 Arbeiter
2805 2529 3021 2593 gegen
3048 2512 3363 2577 welchen

810 2631 921 2696 die
990 2631 1638 2696 Dienstherrschaft
1709 2631 1839 2696 den
1914 2631 2361 2713 Strafantrag
2434 2631 2654 2713 519111,
2704 2631 3081 2713 vorlduftiy
3128 2632 3366 2713 festye·

806 2767 1109 2814 nommen
1171 2750 1311 2814 und
1366 2749 1582 2814 durch
1632 2749 1762 2814 den
1813 2737 2298 2815 Amtsanwalb
2343 2768 2431 2815 zu
2478 2749 2848 2831 sofortiger
2894 2749 3368 2831 Aburteilung

813 2871 969 2936 dem
1013 2868 1491 2934 Amtsrichter
1534 2868 1942 2949 vorgefuhrt
1990 2869 2163 2934 wird
2195 2919 2208 2933 .
2241 2920 2299 2934 ..
2347 2868 2472 2934 Die
2521 2868 2902 2949 vorlaufige
2942 2867 3367 2934 Festnahme

813 2987 1257 3069 rechtfertigt
1329 2989 1499 3067 sich,
1571 2987 1729 3052 weil
1803 2978 1924 3053 der
1992 2987 2124 3052 den
2195 2987 2444 3053 Diensl:
2514 2987 2963 3068 versagende,
3036 2987 3185 3053 also
3247 2988 3377 3052 auf

813 3108 1142 3173 frisscher
1190 3107 1373 3171 Thai:
1418 3106 1802 3172 betroffene
1843 3106 2169 3171 Arbeiter
2213 3124 2435 3188 weyen
2480 3108 2601 3171 der
2642 3106 3001 3188 yeplanten
3044 3105 3368 3171 Auswan·

814 3227 1069 3307 deruny
1118 3225 1716 3307 fluchtverdcichtiy
1764 3226 1929 3289 1513.”

907 3344 1153 3424 Itaque
1193 3343 1340 3423 jam
1389 3344 1507 3423 qui
1553 3344 1622 3407 in
1672 3344 2143 3424 suspicionem
2171 3344 2368 3408 venii:
2398 3343 2685 3427 „fugae”
2714 3302 3032 3424 punitum
3061 3284 3373 3406 notanda

816 3466 928 3527 951,
975 3461 1363 3526 similitudo
1413 3478 1573 3526 cum
1621 3461 1692 3525 L.
1750 3463 1780 3525 1
1836 3461 1905 3525 C.
1936 3462 2056 3526 Th.
2088 3460 2173 3525 V.
2194 3462 2254 3525 9.
2287 3456 2378 3543 ³);
2408 3460 2717 3525 notanda
2743 3461 2957 3524 etiam
2984 3458 3371 3524 similitudo

817 3582 1221 3646 verborum:
1273 3580 1338 3644 in
1393 3582 1691 3661 utraque
1738 3580 1888 3661 lege
1937 3597 2165 3645 sermo
2213 3582 2324 3644 951,
2372 3580 2456 3644 de
2511 3576 2782 3663 „fuga”

907 3699 984 3763 Ei
1057 3698 1239 3779 parti
1315 3698 1809 3779 operariorum,
1879 3715 2056 3779 quae
2133 3696 2521 3780 „Gesinde”
2598 3698 2888 3761 vocatur
2961 3696 3168 3760 —in
3211 3695 3371 3777 jure

817 3816 1186 3881 Borussico
1238 3816 1733 3881 discernuntur
1779 3814 2249 3900 „Taglohner”
2281 3817 2354 3880 91,
2383 3815 2769 3900 „Gesinde”
2809 3852 2871 3860 -
2908 3814 3128 3895 major
3152 3814 3370 3879 etiam

817 3936 926 4000 vis
974 3934 1386 4000 adhibetur:
1436 3935 1509 3998 hi
1556 3935 1743 3999 enim
1788 3951 1830 3999 a
1879 3934 2208 4015 vigilibus
2247 3933 2547 4016 publicis
2578 3932 2875 4016 (politic)
2899 3933 3047 4014 cogi
3074 3934 3373 4014 possunt

819 4070 993 4134 opus
1064 4070 1269 4117 suum
1342 4052 1773 4117 continuare.
1846 4052 2003 4116 Art.
2059 4052 2183 4116 167
2240 4051 2430 4116 1111115
2478 4051 2712 4131 edicti,
2764 4050 2945 4130 quod
3001 4049 3370 4135 „Gesinde-

819 4168 1182 4251 ordnung'’
1231 4170 1645 4252 appellatur,
1698 4171 1801 4234 ita
1863 4172 2106 4234 sonat:
2163 4168 2526 4252 „Gesinde,
2581 4169 2883 4233 welches
2930 4186 3057 4233 vor
3110 4167 3380 4234 Ablauf

820 4290 942 4355 der
990 4288 1385 4354 Dienstzeit
1434 4289 1612 4354 ohne
1661 4287 2203 4368 gesetzmassige
2253 4287 2559 4352 Ursache
2610 4287 2739 4352 den
2768 4286 3017 4352 Diensl:
3043 4286 3371 4367 verlaszt,

894 4554 931 4619 ¹)
969 4552 1119 4608 Vide
1155 4568 1285 4622 pag.
1321 4554 1372 4620 9,
1410 4568 1536 4622 sqq.

888 4642 931 4704 ²)
971 4640 1134 4696 Haec
1189 4643 1252 4695 91,
1303 4655 1389 4709 99,
1444 4655 1596 4709 quae
1635 4642 1996 4709 sequuntur,
2034 4642 2278 4710 sumpta
2312 4642 2462 4696 sunt
2496 4654 2573 4694 ex
2613 4639 3020 4708 disputatione
3057 4638 3167 4694 viri
3204 4638 3259 4692 d.
3295 4636 3372 4692 M.

815 4728 1140 4784 Scmppm..
1179 4727 1284 4783 Die
1312 4728 1819 4797 Rechtslosigkeit
1843 4729 1951 4783 der
1974 4726 2655 4784 landwirtschaftlichen
2676 4726 2954 4781 Arbeiter
2971 4727 3033 4781 in
3056 4725 3371 4780 Preuszen.

814 4815 980 4871 Neue
1019 4814 1164 4871 Zeit.
1199 4815 1276 4871 X.
1316 4817 1361 4870 1.
1400 4816 1580 4884 (1892)
1618 4831 1674 4884 p.
1707 4816 1828 4883 230,
1865 4831 1995 4885 sqq.
2030 4816 2152 4884 260,
2188 4831 2313 4884 sqq.

889 4902 931 4967 ¹)
972 4902 1121 4958 Vide
1156 4916 1287 4971 pag.
1322 4904 1375 4958 9.
