3770 5738
1985 497 2111 561 138

774 692 844 756 111
918 693 1321 773 ingentibus
1395 694 1679 759 urbibus
1751 695 2211 760 habebantur.
2283 695 2400 778 „In
2451 695 2703 776 vielen,
2752 695 2974 760 selbst
3023 696 3324 761 1161113111-

775 811 1147 891 nismassig
1236 811 1514 876 kleinen
1604 811 2032 878 Gemeinden
2114 813 2345 878 lassen
2417 813 2603 878 sich.
2638 814 2949 878 mehrere
3027 814 3326 879 Theater

774 929 1218 1012 nachweisen
1293 930 1432 994 und
1506 930 1790 996 Varro's
1859 931 2080 1012 Klage
2154 931 2395 997 wurde
2440 932 2574 996 mit
2621 932 2742 996 der
2789 931 2944 998 Zeit
2986 933 3164 996 auch
3213 932 3326 998 fiir

774 1047 1029 1111 andere
1108 1048 1274 1111 Orte
1321 1049 1733 1132 berechtigt,
1791 1050 1956 1114 dasz
2007 1050 2116 1115 die
2165 1051 2416 1115 Romer
2473 1050 2687 1115 lieber
2734 1050 2846 1114 bei
2893 1051 3027 1115 den
3076 1050 3325 1115 Schau-

776 1166 1034 1246 spielen
1113 1167 1250 1230 und
1326 1167 1419 1230 im
1497 1167 1745 1232 Cirkus
1811 1168 1917 1232 als
1986 1169 2094 1233 bei
2165 1169 2284 1233 der
2348 1168 2745 1233 Feldarbeit
2792 1169 2941 1233 ihre
2991 1168 3204 1234 Arme
3252 1170 3324 1233 in

777 1282 1176 1365 Bewegung
1260 1281 1644 1362 setzen”¹).
1711 1286 1972 1351 Romae
2059 1303 2392 1351 numerus
2463 1285 2751 1366 dierum,
2824 1287 3077 1367 quibus
3144 1286 3328 1352 festa

776 1402 1328 1483 celebrabantur,
1378 1403 1603 1469 medio
1653 1404 1912 1469 saeculi
1945 1405 2138 1469 tertii
2169 1405 2295 1468 175
2324 1407 2479 1469 erat
2503 1424 2517 1484 ;
2544 1407 2617 1469 et
2640 1422 2729 1469 ex
2756 1405 3328 1486 inscriptionibus

776 1523 1068 1602 apparet
1156 1520 1379 1586 fastos
1463 1522 1803 1587 festorum
1894 1522 2278 1587 multarum
2348 1523 2646 1587 aliarum
2718 1522 2999 1588 urbium
3067 1522 3326 1588 Romae

777 1655 1023 1720 parum
1073 1636 1595 1722 concedere”2).
2795 1641 2811 1660 “
2900 1645 2907 1654 ’

869 1757 1231 1822 Postremo
1315 1758 1461 1823 loco
1555 1759 1621 1822 id
1695 1775 1988 1840 quoque,
2061 1760 2240 1841 quod
2313 1764 2473 1841 post
2544 1759 3057 1825 Diocletianum
3131 1759 3328 1840 plebs

778 1876 1044 1940 urbana
1092 1877 1345 1956 ubique
1396 1877 1727 1941 immunis
1775 1876 1964 1941 facta
2017 1880 2170 1942 erat
2219 1877 2647 1958 capitatione
2694 1878 2966 1959 plebeja
2992 1873 3063 1960 ³),
3113 1880 3326 1957 atque

778 1993 879 2058 ita
951 1994 1140 2059 omni
1210 1995 1500 2074 tributo,
1552 1995 1701 2060 sine
1775 1996 1983 2060 dubio
2054 1995 2239 2060 haud
2313 1996 2641 2077 exiguam
2712 1996 3115 2061 attrahendi
3184 1996 3329 2059 vim

778 2112 1098 2177 exercuit
1143 2112 1328 2194 apud
1353 2130 1679 2193 agrorum
1704 2113 2160 2195 habitatoreS,
2189 2114 2305 2194 qui
2335 2114 2503 2194 ipsis
2529 2114 2819 2178 tributis
2845 2117 2991 2178 tam
3017 2115 3329 2195 graviter
3438 2149 3445 2155 ·

778 2229 1284 2309 affligebantur.
1350 2231 1621 2313 Ubique
1684 2232 1893 2297 urbes
1940 2233 2333 2314 perfugium
2383 2232 2645 2297 fiebant
2690 2232 3152 2312 agricolarum
3204 2233 3322 2312 qui

779 2349 1055 2431 expulsi
1139 2352 1341 2413 erant
1412 2354 1538 2415 aut
1614 2351 2055 2432 aufugerant.
2134 2349 2543 2433 „Adspice'’,
2615 2350 2967 2415 exclamat
3040 2348 3323 2432 Seneca,

786 2466 1124 2552 „agedum
1210 2457 1389 2533 han'c
1475 2468 1964 2549 frequentiam,
2038 2469 2149 2533 cui
2220 2469 2343 2534 vix
2413 2469 2606 2533 urbis
2676 2469 3061 2533 immensae
3132 2471 3325 2533 tecta

776 2585 1165 2651 sufficiunt:
1241 2587 1551 2652 maxima
1621 2604 1784 2669 pars
1852 2588 2063 2652 istius
2127 2587 2377 2652 turbae
2426 2587 2657 2668 patria
2703 2590 2915 2667 caret,
2966 2604 3055 2651 ex
3105 2587 3324 2651 muni-

776 2706 976 2786 cipiis
1045 2707 1119 2769 et
1189 2705 1478 2770 coloniis
1543 2706 1712 2787 31113,
1784 2723 1874 2770 ex
1923 2708 2075 2770 toto
2121 2705 2417 2786 denique
2469 2706 2631 2770 orbe
2680 2709 3027 2770 terrarum
3074 2704 3324 2770 conflu-

777 2825 1214 2889 xerunt....
1280 2824 1448 2906 ι111116
1521 2826 1696 2890 131363
1762 2842 2003 2890 61111163
2054 2825 2138 2891 311
2189 2841 2438 2890 nomen
2491 2824 2713 2903 citari,
2767 2826 2839 2890 et
2886 2823 3071 2889 unde
3122 2823 3322 2889 domo

776 2943 1069 3024 quisque
1120 2943 1235 3025 sit,
1286 2960 1575 3024 quaere:
1626 2944 1897 3008 videbis
1945 2943 2281 3024 majorem
2329 2946 2603 3025 partem
2651 2960 2803 3008 esse
2852 2959 3030 3022 quae
3056 2942 3321 3008 relictis

776 3062 1057 3126 sedibus
1128 3062 1275 3126 suis
1347 3063 1623 3127 venerit
1693 3063 1762 3126 in
1835 3063 2218 3127 maximam
2289 3061 2569 3143 quidem
2644 3078 2726 3126 ac
2788 3061 3324 3143 pulcherrimam

778 3181 1018 3245 urbem
1069 3198 1206 3245 non
1256 3184 1491 3246 tamen
1543 3182 1787 3245 suam”
1817 3176 1888 3258 ⁴).
1962 3181 2060 3246 De
2110 3180 2543 3246 Alexandria
2591 3185 2664 3245 et
2715 3178 3319 3261 Constantinopoli

775 3299 1017 3364 eadem
1068 3299 1211 3363 fere
1260 3299 1641 3364 traduntur
1668 3296 1736 3377 5).

866 3417 970 3481 Ex
1041 3417 1289 3482 multis
1359 3418 1567 3483 rebus
1635 3434 1710 3483 re
1781 3435 1952 3483 vera
2014 3419 2304 3499 apparet
2357 3418 2428 3481 in
2479 3418 2625 3497 agri
2677 3416 2956 3481 cultura
3005 3433 3325 3497 magnam

775 3536 1080 3617 inopiam
1160 3536 1522 3601 hominum
1593 3535 1831 3601 fuisse.
1908 3535 2236 3601 Viatores
2305 3535 2675 3617 improvidi
2751 3535 2821 3598 in
2894 3535 3148 3599 itinere
3221 3534 3326 3599 de-

777 3654 1306 3736 prehenduntur
1378 3657 1452 3719 et
1521 3656 1606 3719 aci
1679 3672 1969 3735 magnos
2036 3654 2264 3720 saltus
2335 3654 2751 3732 trahuntur3
2825 3669 3111 3717 necesse
3175 3656 3328 3717 erat

776 3775 860 3837 ut
923 3773 1248 3853 deinceps
1311 3773 1677 3853 Augustus
1740 3775 1813 3838 et
1878 3773 2195 3837 Tiberius
2258 3772 2762 3852 praecaverent
2832 3786 2920 3834 ne
2969 3769 3111 3834 tale
3162 3770 3327 3850 quid

777 3892 1125 3958 accideret
1151 3886 1222 3973 ⁶).
1296 3890 1565 3955 Plinius
1636 3892 1822 3973 patri
1898 3908 2024 3956 suo
2095 3890 2375 3955 scribit:
2454 3888 2727 3973 „Instat
2798 3890 2872 3952 et
2944 3888 3328 3953 necessitas

847 4069 886 4134 ¹)
923 4069 1270 4135 Lxxsmuu,
1310 4065 1907 4133 Stadteverwaltung
1940 4066 2024 4120 im
2062 4064 2421 4119 Romischen
2460 4062 2663 4119 Reich.
2700 4077 2755 4131 p.
2794 4063 2912 4117 114.

847 4158 889 4222 ¹)
924 4156 1066 4211 ibid.
1101 4170 1157 4224 p.
1195 4154 1315 4211 118.

848 4243 889 4310 ⁸)
925 4243 1061 4313 vide
1097 4257 1153 4312 p.
1188 4242 1275 4298 58.
1311 4242 1450 4297 adn.
1483 4240 1536 4296 8.

847 4332 889 4395 ⁴)
927 4331 1177 4386 Seneca.
1209 4328 1382 4385 Coris,
1417 4329 1490 4383 ad
1529 4327 1704 4383 Helv.
1739 4327 1789 4381 6.

849 4419 888 4482 ⁸)
926 4418 1076 4473 Vide
1113 4418 1274 4473 locos
1308 4416 1468 4484 apud
1508 4416 1880 4481 pommus,
1920 4429 1974 4482 p.
2015 4413 2097 4466 17.
2133 4412 2269 4466 adn.
2309 4412 2393 4466 10.

849 4506 888 4574 ⁶)
927 4505 1095 4561 Suet.
1132 4506 1288 4573 Aug.
1325 4503 1412 4558 32.
1449 4502 1626 4571 Rapti
1664 4516 1768 4570 per
1804 4515 1978 4568 agros
2013 4500 2276 4555 viatores
2312 4499 2442 4553 sine
2480 4497 2822 4552 discrimine
2859 4496 3027 4550 liberi
3056 4496 3329 4562 servique

777 4592 1095 4662 ergastulis
1130 4605 1542 4661 possessorum
1579 4589 2125 4658 supprimebantur.
2168 4619 2218 4625 —
2266 4587 2433 4642 Suet.
2470 4584 2594 4641 Tib.
2628 4585 2680 4639 8.
2722 4584 2936 4638 Curam
2958 4582 3330 4637 administra·

778 4682 973 4736 vit...
1011 4679 1524 4749 repurgandorum
1562 4678 1692 4732 tota
1726 4675 1902 4730 Italia
1939 4673 2394 4742 ergastulorum,
2432 4686 2687 4741 quorum
2710 4670 2934 4725 domini
2954 4671 3017 4724 in
3041 4668 3328 4724 invidiam

779 4768 1086 4834 venerant,
1142 4767 1313 4835 quasi
1366 4764 1653 4833 exceptos
1706 4763 2166 4831 supprimerent,
2217 4774 2339 4816 non
2393 4759 2589 4815 solum
2645 4758 2903 4813 viatores
2939 4756 3044 4811 sed
3082 4759 3144 4811 et
3181 4769 3332 4824 quos

780 4854 1142 4911 sacramenti
1181 4856 1383 4908 metus
1419 4852 1491 4906 ad
1529 4850 1823 4919 ejusmodi
1862 4849 2123 4905 latebras
2161 4847 2567 4916 compulisset.
