3770 5738
2011 467 2096 532 72

764 679 903 728 non
975 663 1273 728 curiales
1347 663 1467 728 sed
1521 660 1960 745 possessores
2006 664 2139 745 ipsi
2189 682 2308 731 eos
2353 666 2785 747 praebendos
2832 683 3077 733 curare
3127 667 3315 734 debe·

766 781 941 847 bant
966 777 1037 858 1).
1129 780 1341 846 Pauci
1388 784 1674 847 tantum
1719 783 1806 848 ab
1856 784 1984 849 hoc
2032 800 2240 849 onere
2289 784 2635 850 immunes
2682 787 2923 850 erant:

865 901 923 964 1.
1018 898 1437 981 Plerumque
1507 900 1987 981 imperatores.
2089 901 2584 968 Valentiniano
2655 904 2842 968 enim
2914 904 3181 985 placuit
3239 907 3317 970 ut

768 1016 916 1097 agri
978 1016 1253 1083 fiscales
1304 1018 1377 1083 in
1427 1018 1513 1083 iis
1565 1019 1946 1099 provinciis
2001 1020 2069 1084 in
2120 1021 2371 1102 quibus
2418 1022 2730 1086 tironum
2778 1022 3087 1103 ipsorum
3134 1040 3319 1105 prae-

771 1136 942 1201 bitio
1014 1137 1620 1219 expostulabatur,
1695 1138 2141 1204 vacationem
2209 1140 2582 1220 haberent3
2635 1141 2729 1204 win
2784 1140 2869 1204 iis
2914 1144 3156 1205 autem
3203 1142 3318 1207 ubi

770 1269 894 1334 pro
941 1253 1292 1319 tironibus
1339 1256 1636 1336 pecunia
1685 1256 2082 1338 rogabatur,
2132 1257 2204 1320 hi
2250 1273 2524 1337 quoque
2549 1257 2850 1338 pendere
2878 1258 3223 1324 debebant
3248 1256 3318 1336 2).

769 1370 1117 1437 Arcadius
1165 1375 1239 1437 et
1286 1372 1640 1438 Honorius
1688 1376 2103 1439 statuerunt
2151 1378 2234 1439 ut
2281 1376 2381 1440 rei
2429 1377 2749 1456 privatae
2782 1393 3056 1457 semper
3079 1377 3321 1443 liceret

768 1490 1137 1570 pecuniam
1183 1508 1306 1573 pro
1355 1492 1704 1557 tironibus
1757 1492 1921 1558 dare
1949 1486 2017 1570 ³).
2114 1494 2547 1576 Quamquam
2607 1494 2752 1559 tale
2800 1494 3214 1560 beneficium
3262 1496 3320 1561 si

768 1609 1154 1674 necessitas
1205 1609 1273 1673 id
1322 1610 1717 1691 postularet
1752 1628 2281 1692 nonnumquam
2320 1613 2602 1677 irritum
2628 1612 3068 1694 reddebatur,
3096 1614 3319 1679 veluti

766 1725 1035 1792 facturn
1082 1730 1193 1792 est
1239 1745 1300 1792 a.
1350 1728 1483 1793 397
1517 1724 1587 1806 ⁴).

860 1846 919 1909 2.
1016 1828 1249 1910 Etiam
1318 1846 1763 1912 senatoribus
1836 1849 1925 1912 ab
1998 1834 2300 1913 Arcadio
2374 1852 2447 1913 et
2521 1848 2868 1914 Honorios
2929 1849 3120 1930 optio
3170 1853 3320 1915 erat

768 1962 933 2027 data
980 1965 1223 2028 utrum
1270 1964 1563 2029 mallent
1610 1966 1879 2031 tirones
1925 1983 2013 2030 an
2065 1967 2434 2047 pecuniam
2482 1975 2839 2048 praestare
2867 1964 2935 2047 ⁵).

858 2082 920 2145 3.
1016 2081 1380 2149 Postremo
1429 2085 1584 2148 tota
1629 2084 1846 2150 series
1893 2085 2440 2165 magistratuum
2489 2086 2868 2166 insignium
2917 2102 2960 2149 a
3006 2085 3318 2150 tironum

764 2200 1197 2281 praebitione
1248 2201 1594 2266 immunes
1646 2205 1850 2267 erant
1905 2203 2075 2267 facti
2101 2199 2176 2285 ⁶).

839 2466 879 2532 ¹)
914 2465 1158 2520 Ibidem.
1216 2466 1546 2535 Reparandi
1607 2466 1857 2522 feliciter
1909 2467 2216 2522 exercitus
2270 2480 2413 2521 cura
2465 2465 2715 2521 conferri
2765 2466 2978 2521 dobere
3017 2466 3246 2522 tirones
3283 2483 3319 2522 a

766 2567 1108 2621 possessore
1144 2554 1515 2609 censuimus.

835 2640 877 2705 ²)
916 2640 976 2694 L.
1013 2641 1062 2695 2.
1101 2640 1159 2695 C.
1198 2640 1304 2695 Th.
1342 2640 1475 2696 VII.
1516 2641 1598 2696 13.
1655 2640 1914 2697 Domum
1972 2641 2239 2696 nostram
2276 2641 2350 2696 ad
2387 2639 2729 2695 exhibenda
2769 2640 3034 2695 tironum
3074 2655 3321 2710 corpora

762 2740 870 2796 per
904 2741 1005 2782 eas
1043 2728 1396 2796 provincias,
1423 2743 1458 2782 a
1474 2728 1694 2797 quibus
1718 2743 1962 2797 corpora
1984 2728 2351 2797 flagitantur,
2377 2727 2664 2783 nolumus
2689 2727 2996 2795 perurgeri
3009 2742 3025 2796 ς
3052 2728 3325 2783 ceterum

763 2814 1023 2869 sinimus
1080 2815 1403 2882 conveniri,
1461 2816 1524 2871 in
1561 2816 1781 2884 quibus
1816 2818 2008 2885 pretia
2030 2814 2432 2885 postulantur,
2457 2815 2541 2871 ita
2566 2815 2638 2869 ut
2663 2827 2741 2868 ex
2766 2815 2928 2868 certa
2952 2814 3325 2882 praebitione

763 2902 1069 2957 redituum
1105 2904 1301 2957 vicem
1339 2904 1743 2959 concessionis
1776 2904 1959 2959 istius
1996 2917 2408 2972 repensemus

832 2989 873 3055 ³)
909 2989 971 3046 L.
1026 2989 1078 3044 3:
1114 2989 1172 3045 C.
1207 2990 1260 3045 J.
1298 2989 1404 3045 XI.
1441 2990 1525 3045 75.
1563 2990 1675 3046 Pro
1712 2991 2091 3046 tironibusin
2118 2990 2464 3059 corporibus
2487 2988 2808 3058 postulatis
2837 2989 3031 3057 pretia
3065 2989 3322 3045 conferri

761 3090 839 3130 ex
875 3075 1080 3131 fundis
1116 3078 1510 3145 perpetuariis
1547 3079 1789 3132 nostrae
1827 3079 1911 3133 rei
1948 3078 2218 3146 privatae
2255 3076 2673 3145 praecipimus

828 3164 871 3232 ⁴)
910 3163 972 3218 L.
998 3164 1081 3218 12.
1106 3163 1161 3219 G.
1195 3163 1299 3218 Th.
1331 3164 1464 3218 VII.
1492 3165 1573 3219 13.
1597 3164 1841 3220 Publica
1858 3166 2053 3220 suasit
2075 3165 2306 3220 utilitas
2325 3165 2599 3232 Juniores
2625 3163 2687 3218 in
2712 3177 2880 3217 arma
2904 3164 3312 3230 conscriber03

758 3250 1009 3319 ideoque
1048 3266 1122 3305 ne
1158 3246 1593 3320 patrimonium
1631 3253 1873 3320 quidem
1912 3253 2189 3307 nostrum
2227 3266 2263 3306 a
2298 3250 2699 3319 praestatione
2722 3251 3023 3318 praesenti
3044 3250 3320 3306 immune

759 3352 891 3392 esse
928 3338 1210 3406 patimur.
1249 3338 1443 3406 Igitur
1476 3353 1581 3407 per
1615 3354 1826 3395 omnes
1862 3340 2218 3408 provincias,
2255 3353 2360 3407 per
2395 3351 2546 3405 quas
2584 3351 2680 3392 res
2707 3339 2913 3392 nostra
2932 3337 3319 3406 distenditur,

759 3438 836 3479 ex
881 3425 1242 3493 patrimonio
1282 3440 1449 3481 sacro
1495 3427 1864 3495 maturitate,
1910 3442 2030 3494 qua
2070 3426 2372 3492 convenit,
2417 3425 2696 3493 praebere
2724 3424 3005 3480 volumus
3022 3424 3320 3492 juniores.

828 3512 868 3579 ⁶)
906 3511 966 3567 L.
1009 3512 1089 3566 13.
1126 3513 1185 3568 C.
1223 3512 1327 3567 Th.
1376 3512 1507 3568 VII.
1559 3513 1640 3568 13.
1694 3513 2071 3581 Amplissimi
2130 3513 2356 3568 ordinis
2409 3512 2802 3580 petitionibus
2849 3513 3070 3567 annuit
3103 3513 3317 3567 nostra

758 3599 1097 3668 clementia,
1154 3602 1224 3655 ut
1254 3615 1357 3668 pro
1395 3601 1695 3655 tironibus
1730 3601 1923 3669 pretia
1959 3601 2318 3656 inferantur.
2356 3600 2583 3654 Damus
2618 3600 2823 3666 itaque
2861 3599 3188 3669 optionem,
3228 3602 3317 3667 ut,

756 3687 911 3754 quod
971 3687 1343 3742 conducibile
1398 3689 1637 3743 senatui
1696 3688 1955 3758 videtur,
2000 3688 2259 3756 eligendi
2299 3687 2518 3742 habeat
2551 3686 2937 3755 potestatem,
2975 3686 3032 3741 id
3073 3689 3172 3742 est
3206 3690 3318 3743 aut

758 3773 985 3829 tirones
1060 3778 1234 3842 aptos
1313 3773 1526 3829 officiis
1598 3775 1961 3830 militaribus
2030 3776 2344 3843 praestent
2416 3775 2523 3828 aut
2589 3789 2693 3842 pro
2764 3773 3023 3842 singulis
3091 3775 3316 3843 viginti

756 3860 1022 3929 quinque
1077 3861 1295 3916 solidos
1350 3864 1690 3927 numerent,
1742 3864 1878 3930 post
1933 3863 2174 3938 initam,
2202 3862 2482 3917 videlicet
2519 3864 2878 3930 sumptuum
2916 3861 3215 3917 rationem
3251 3863 3316 3917 et

755 3948 1018 4003 vestium
1044 3951 1106 4003 et
1132 3951 1360 4017 pastus
1388 3949 1552 4016 Quod
1578 3949 1629 4002 si
1653 3964 1870 4004 aurum
1898 3950 2037 4004 dare
2060 3949 2405 4014 maluerint,
2433 3963 2574 4003 mox
2600 3948 2674 4003 ad
2705 3949 2980 4003 nostrum
3008 3949 3313 4004 aerarium

755 4033 1074 4091 deferatur.
1119 4066 1169 4075 —
1215 4036 1276 4090 L.
1318 4037 1405 4091 14.
1436 4035 1574 4090 ibid.
1595 4037 1896 4091 Aeternae
1920 4036 2085 4091 urbis
2109 4037 2329 4091 merita
2351 4034 2739 4090 reverendam
2762 4035 2933 4091 nobis
2952 4035 3314 4103 amplissimi

755 4125 1005 4176 senatus
1059 4121 1259 4178 effecit
1296 4123 1691 4178 voluntatem.
1729 4124 1989 4191 Ideoque
2025 4139 2130 4191 pro
2168 4123 2465 4179 tironibus
2503 4122 2566 4176 in
2605 4122 2950 4190 corporibus
2984 4122 3316 4190 postulatis

754 4210 945 4276 pretia
985 4209 1237 4264 conferri
1270 4209 1556 4278 Jubemus
1592 4211 1665 4264 ab
1703 4211 2077 4279 amplissimo
2115 4211 2340 4265 ordine.
2379 4209 2542 4276 Quod
2580 4209 2643 4263 in
2679 4208 2884 4264 fundis
2903 4209 3087 4264 etiam
3108 4224 3313 4279 perpe·

756 4296 970 4350 tuariis
1007 4298 1248 4352 nostrae
1286 4297 1369 4351 rei
1408 4297 1675 4365 privatae
1713 4298 1940 4352 servari
1977 4298 2392 4366 praecipimus,

825 4383 864 4448 ⁶)
902 4382 964 4437 L.
1004 4383 1051 4438 1.
1090 4382 1148 4438 C.
1186 4383 1293 4437 Th.
1329 4383 1435 4437 XI.
1476 4383 1558 4438 18.
1596 4382 1860 4451 Tirones,
1899 4399 2155 4453 quorum
2191 4385 2383 4453 pretia
2419 4383 2704 4438 exhausti
2741 4383 2948 4437 aerarii
2974 4383 3314 4438 necessitas

760 4469 1066 4537 flagitavit,
1120 4471 1397 4538 praebere
1447 4470 1732 4526 nolumus
1766 4472 2034 4526 illustres
2072 4472 2230 4527 viros
2265 4470 2613 4540 praefectos
2649 4485 2790 4525 cum
2827 4472 3049 4538 gerunt
3083 4468 3314 4525 infulas

752 4556 1082 4625 dignitatis
1117 4557 1211 4612 vel
1250 4573 1388 4612 cum
1427 4559 1746 4613 sublimem
1786 4559 2020 4626 egerint
2055 4559 2517 4628 praefecturam3
2555 4572 2676 4612 non
2705 4557 3026 4625 magistros
3044 4556 3312 4612 militurn

751 4643 845 4698 vel
901 4644 1149 4700 comites
1205 4646 1671 4701 domesticorum
1726 4646 1922 4701 simile
1977 4661 2203 4701 munus
2251 4646 2591 4714 adstringat
2625 4645 2843 4712 (neque
2882 4645 3045 4700 enim
3082 4644 3315 4699 tirones

752 4731 824 4785 de
877 4729 1265 4787 facultatibus
1319 4747 1525 4788 eorum
1578 4733 1859 4802 poscendi
1915 4737 2078 4802 sunt,
2135 4744 2392 4801 quorum
2450 4734 2646 4787 virtus
2700 4731 3027 4800 triumphis
3082 4732 3314 4787 nostris

750 4817 1036 4885 subjugat
1062 4818 1133 4872 de
1159 4819 1333 4873 hoste
1361 4821 1647 4887 captivos)
1665 4836 1680 4887 ;
1709 4834 1826 4875 non
1858 4821 2263 4888 praepositum
2293 4821 2384 4873 vel
2413 4819 2818 4888 primicerium
2849 4818 2997 4874 sacri
3030 4818 3311 4886 cubiculi,
