3770 5738
1703 537 1829 601 177

449 754 616 802 vera
684 737 953 801 factum
1024 753 1176 800 esse
1248 752 1336 800 ex
1385 752 1464 799 eo
1513 737 1824 817 apparet,
1873 735 2053 815 quod
2108 734 2225 798 lex
2273 734 2696 815 promulgari
2744 734 3007 817 debuit,

448 871 621 936 quae
689 854 971 919 disertis
1042 853 1276 919 verbis
1345 853 1863 933 possessoribus
1947 851 2317 916 interdixit
2388 868 2476 917 ne
2530 853 2631 916 ita
2695 855 3006 964 agerent,

448 989 871 1053 quamquam
921 972 1064 1036 tale
1105 971 1267 1052 quid
1321 987 1487 1035 sane
1531 971 1680 1053 ipso
1730 970 2228 1035 adhaerentiae
2275 971 2612 1050 principio
2639 969 3008 1038 exclusum

449 1106 600 1156 esse
672 1091 933 1155 debuit.
998 1090 1144 1155 Lex
1183 1088 1581 1171 huiusmodi
1623 1092 1762 1153 est:
1822 1088 2331 1172 „Cognovimus
2378 1106 2420 1152 a
2466 1066 2842 1171 nonnullis,
2889 1088 3008 1169 qui

447 1208 974 1290 patrimoniales
1020 1207 1274 1272 fundos
1299 1209 1732 1288 meruerunt,
1761 1207 2041 1272 colonos
2066 1207 2594 1286 antiquissimos
2614 1207 3003 1288 proturbari

446 1330 660 1407 atque
730 1327 802 1391 in
874 1343 1113 1391 eorum
1185 1326 1414 1391 locum
1487 1325 1597 1391 vel
1671 1342 1913 1390 servos
1984 1324 2299 1406 proprios
2347 1325 2458 1390 vel
2506 1326 2682 1391 alios
2728 1325 3006 1391 colonos

447 1444 826 1525 subrogari.
923 1443 1151 1508 Edicti
1219 1444 1459 1524 itaque
1521 1443 1730 1525 hujus
1800 1444 2231 1509 auctoritate
2302 1443 2654 1509 sancimus
2723 1461 2841 1509 eos
2891 1444 3010 1525 qui

449 1562 771 1644 deinceps
846 1561 1249 1643 huJusmodi
1316 1561 1578 1643 aliquid
1653 1561 2079 1627 crediderint
2140 1563 2714 1643 attemptandum
2758 1562 3009 1628 iisdem

448 1680 1005 1762 possessionibus
1052 1697 1204 1745 esse
1251 1680 1673 1761 privandos'’
1704 1674 1775 1756 1).

538 1797 733 1864 Haec
765 1815 1036 1880 quoque
1068 1798 1446 1880 sententia,
1477 1797 1862 1862 secundum
1889 1813 2100 1877 quam
2119 1796 2484 1862 colonatus
2493 1797 2677 1878 ‚iuris
2702 1797 3008 1879 receptio

449 1917 725 1997 publica
757 1917 946 1982 facta
970 1933 1123 1981 esse
1147 1918 1441 1997 putatur
1466 1916 1729 1981 colonis
1758 1933 1895 1980 non
1923 1915 2418 1998 sentientibUS,
2446 1916 3006 1995 quandoquidem

448 2052 530 2100 ea
562 2037 818 2118 statuS,
856 2037 975 2115 qui
1003 2035 1151 2116 Jam
1177 2035 1295 2100 diu
1324 2037 1497 2118 erat,
1523 2035 1971 2099 sanciebatur
1997 2037 2302 2115 tantum,
2328 2035 2507 2099 falsa
2533 2034 2851 2100 habenda
2874 2038 3006 2118 est,

448 2153 728 2219 etiamsi
770 2154 882 2219 hic
920 2170 995 2218 re
1038 2171 1205 2218 vera
1236 2171 1375 2218 non
1411 2153 1715 2218 deterior
1748 2156 1938 2219 esset
1970 2152 2222 2218 factus.
2261 2151 2485 2234 Supra
2508 2153 2656 2235 Jam
2689 2154 3008 2219 observa·

447 2274 603 2337 tum
642 2275 755 2337 est
788 2272 991 2354 longo
1026 2271 1143 2337 illo
1178 2275 1251 2337 et
1284 2273 1624 2354 pertinaci
1659 2273 2063 2354 certamine,
2103 2272 2284 2353 quod
2320 2289 2756 2353 possessores
2787 2289 3009 2354 gesse-

447 2393 615 2455 runt
650 2393 731 2455 ut
766 2391 1294 2456 adhaerentiam
1325 2394 1888 2472 assequerentur,
1925 2390 2092 2455 dum
2126 2390 2414 2455 tandem
2439 2391 2898 2473 imperatores
2920 2392 3010 2456 ab

449 2526 690 2575 eorum
743 2513 942 2591 parte
990 2511 1481 2598 consisterent,
1529 2510 1713 2574 haud
1762 2510 2052 2575 dubium
2102 2509 2429 2575 relictum
2471 2527 2623 2575 esse
2672 2513 3011 2590 utrasque

447 2630 686 2709 partes
732 2644 1152 2709 magnopere
1201 2629 1516 2694 conscios
1566 2629 1698 2693 sibi
1745 2627 1965 2693 fuisse
2014 2645 2191 2707 quae
2238 2645 2348 2693 res
2391 2630 2740 2708 ageretur.
2773 2627 3011 2709 Atque

456 2746 844 2834 certissime
883 2747 1334 2812 amissionem
1374 2746 1725 2812 libertatis
1767 2745 2135 2811 recedendi
2176 2765 2218 2811 a
2242 2746 2507 2811 colonis
2532 2762 2811 2811 sensam
2835 2763 3010 2829 esse,

454 2867 745 2948 apparet
791 2864 1009 2930 etiam
1057 2883 1146 2930 ex
1195 2865 1431 2931 verbis
1478 2864 1897 2946 quibusdam
1940 2882 1982 2930 a
2014 2863 2521 2946 jurisconsulto
2561 2864 3008 2930 exclamatis:

458 2983 673 3067 „nihil
745 2983 933 3048 enim
1001 3001 1043 3048 a
1089 2984 1317 3064 specie
1363 2984 1790 3048 servientium
1839 2982 2175 3047 differunt
2222 2982 2475 3064 quibus
2520 2981 2824 3048 facultas
2871 3000 3011 3049 non

455 3101 662 3166 datur
710 3100 1121 3166 recedendi”
1149 3096 1219 3178 2).

545 3221 774 3285 Etiam
827 3220 911 3284 de
963 3222 1161 3284 statu
1209 3220 1611 3284 colonorum
1659 3222 1773 3284 sat
1820 3218 2047 3284 multa
2094 3219 2359 3283 tradita
2405 3221 2576 3283 sunt
2621 3235 2710 3283 ex
2758 3220 3012 3300 quibus

445 3336 789 3418 ,iudicium
837 3337 1234 3417 aequalium
1281 3337 1365 3401 de
1412 3353 1491 3403 eo
1533 3353 1947 3418 cognoscere
1981 3353 2374 3418 possumus.
2399 3336 2542 3418 Ipsi
2560 3336 2709 3417 jam
2734 3337 3010 3403 saeculo

525 3495 563 3563 ι)
599 3495 662 3550 L.
715 3495 766 3550 3.
820 3493 877 3550 C.
933 3494 987 3550 J.
1024 3494 1133 3550 XI.
1167 3494 1251 3549 63.
1289 3494 1427 3550 Alia
1461 3509 1557 3550 res
1593 3494 1845 3549 fortasse
1888 3494 2113 3549 colonis
2151 3494 2482 3549 utilitatem
2520 3495 2763 3550 attulit:
2800 3495 3009 3551 eodem

452 3581 571 3636 fere
626 3583 912 3651 tempore,
966 3596 1084 3650 quo
1138 3582 1528 3637 adhaerentia
1583 3581 1710 3650 lege
1764 3583 1860 3636 est
1918 3583 2146 3649 sancta,
2199 3581 2637 3638 Constantinus
2672 3583 3010 3638 mercedem

452 3668 798 3725 colonorum
850 3670 913 3724 in
970 3669 1330 3738 perpetuum
1386 3669 1721 3738 constituit,
1775 3669 1970 3737 iisque
2031 3669 2394 3737 potestatem
2433 3668 2599 3723 dedit
2632 3671 2704 3723 ut
2738 3668 3011 3725 dominos

451 3769 594 3812 suos
629 3756 1148 3825 superexactionis
1184 3769 1317 3810 reos
1351 3755 1632 3810 facerent.
1671 3755 1733 3810 L.
1773 3758 1819 3810 1.
1858 3755 1916 3811 C.
1955 3755 2007 3811 J.
2043 3755 2151 3810 XI.
2184 3756 2280 3810 50:
2309 3755 2588 3823 Quisquis
2608 3755 2856 3811 colonus
2873 3756 3011 3825 plus

450 3857 485 3897 a
522 3841 764 3899 domino
800 3842 1080 3912 exigitur,
1118 3856 1301 3910 quam
1337 3845 1479 3897 ante
1516 3843 1915 3898 consueverat
1949 3844 2012 3897 et
2047 3856 2229 3910 quam
2269 3842 2332 3897 in
2369 3842 2767 3898 anterioribus
2788 3844 3009 3912 tempo·

452 3929 615 3985 ribus
649 3932 904 3985 exactus
940 3931 1050 3999 est,
1086 3929 1261 3984 adeat
1290 3929 1576 3998 judicem,
1614 3931 1789 3997 cujus
1826 3930 2091 3998 primum
2117 3929 2337 3997 poterit
2355 3930 2572 3984 habere
2589 3929 3007 3997 praesentiam,

449 4018 513 4070 et
565 4014 799 4070 facinus
853 4014 1213 4083 comprobet,
1274 4017 1346 4070 ut
1397 4014 1513 4083 ille,
1568 4014 1672 4083 qui
1727 4015 2109 4070 convincitur
2165 4014 2425 4083 amplius
2466 4014 2787 4084 postulare,
2824 4030 3007 4084 quam

449 4102 714 4171 accipere
767 4103 1180 4170 consueverat,
1238 4101 1350 4157 hoc
1404 4100 1597 4157 facere
1652 4102 1715 4156 in
1771 4104 2081 4170 posterum
2133 4101 2534 4169 prohibeatur,
2570 4101 2741 4171 prius
2776 4102 3007 4158 reddito

450 4188 608 4257 quod
643 4189 1139 4258 superexactione
1175 4190 1516 4257 perpetrata
1552 4189 1826 4244 noscitur
1861 4189 2206 4244 extorsisse.
2252 4219 2303 4227 —
2349 4187 2432 4244 Cf.
2465 4188 2527 4243 L.
2562 4190 2614 4242 4.
2650 4188 2762 4244 C.J
2770 4187 3005 4245 .1V.62.

451 4305 515 4317 —·
554 4276 616 4331 L.
652 4277 740 4332 23.
774 4278 809 4344 ἓ
845 4276 897 4332 2.
932 4275 993 4331 C.
1030 4276 1083 4332 J.
1122 4276 1230 4332 XI.
1267 4275 1352 4331 48.
1391 4274 1657 4331 caveant
1690 4278 1897 4331 autem
1935 4276 2385 4344 possessionum
2423 4275 2669 4345 domini,
2704 4276 3007 4345 inquibus

451 4362 603 4419 tales
637 4364 832 4420 coloni
866 4363 1185 4419 constituti
1224 4365 1387 4429 sunt,
1411 4363 1672 4431 aliquam
1702 4363 2157 4418 innovationem
2177 4362 2270 4418 vel
2290 4362 2644 4419 violentiam
2664 4363 2750 4419 eis
2768 4363 3006 4420 inferre.

452 4449 514 4505 Si
560 4450 673 4506 hoc
709 4450 872 4505 enim
910 4450 1303 4519 approbatum
1338 4448 1523 4505 fuerit
1555 4452 1618 4505 et
1651 4464 1756 4518 per
1784 4449 2052 4518 jndicem
2090 4450 2572 4518 pronuntiatum,
2607 4451 2733 4520 ipse
2771 4451 3004 4518 provin-

451 4537 574 4593 ciae
609 4538 965 4608 moderator,
1000 4538 1063 4593 in
1100 4552 1219 4606 qua
1255 4536 1477 4606 aliquid
1513 4536 1635 4592 tale
1679 4535 1861 4592 fuerit
1884 4538 2313 4606 perpetratum,
2332 4536 2677 4593 omnimodo
2694 4538 3007 4607 provideat

449 4626 513 4680 et
544 4624 888 4694 laesionem,
926 4625 976 4679 si
1012 4639 1132 4693 qua
1168 4624 1494 4679 subsecuta
1528 4628 1637 4692 est,
1673 4624 1760 4679 eis
1795 4625 2081 4679 resarcire
2105 4627 2168 4679 et
2201 4626 2466 4679 veterem
2501 4625 3002 4681 consuetudinem

449 4712 512 4767 iu
566 4711 860 4768 reditibus
912 4712 1286 4781 praestandis
1337 4712 1426 4767 eis
1479 4711 1817 4766 observare:
1873 4711 2047 4767 nulla
2080 4726 2178 4767 nec
2217 4714 2352 4766 tunc
2390 4710 2623 4767 licentia
2657 4712 3006 4768 concedenda

449 4797 660 4855 colonis
692 4799 946 4869 fundum
979 4799 1079 4854 ubi
1113 4800 1542 4855 commorantur
1574 4797 1917 4868 relinquere.
1956 4798 2104 4854 Vide
2141 4798 2326 4853 etiam
2361 4813 2417 4867 p.
2454 4798 2539 4853 70.

518 4886 559 4957 ¹)
597 4886 659 4942 L.
693 4886 744 4943 2.
783 4886 909 4955 Dig.
948 4885 1169 4941 XLIII.
1203 4886 1288 4942 29.

2761 4983 2828 5036 12
