3770 5738
1713 519 1833 583 101

379 703 390 718 ’
489 735 574 781 ex
622 733 701 781 eo
726 716 1068 798 imprimis
1095 719 1406 798 apparet,
1435 717 1614 798 quod
1643 720 1870 798 poeta,
1899 716 2126 797 qualis
2152 681 2305 780 erat
2329 714 2707 796 VergiliuS,
2733 716 3045 802 animum

485 835 764 899 induxit
813 837 914 914 ut,
957 835 1158 900 brevi
1214 838 1374 916 post
1421 835 1760 900 Varronis
1804 835 2395 915 dissertationem,
2425 836 2489 898 ei
2516 852 2794 899 carmen
2821 835 3043 899 didac-

486 952 700 1017 ticum
745 952 1044 1035 dicaret;
1095 953 1277 1034 quod
1326 955 1636 1035 profecto
1686 954 1808 1018 vix
1858 955 2126 1018 factum
2170 956 2358 1017 esset
2384 953 2444 1017 si
2470 970 2673 1018 omne
2699 952 3041 1017 rusticum

486 1088 656 1151 opus
682 1072 907 1136 servis
954 1071 1277 1136 relictum
1320 1076 1528 1137 esset.
1581 1072 2070 1153 Agricolarum
2101 1073 2322 1136 vitam
2347 1072 2623 1136 felicem
2650 1072 3041 1152 praedicat:

888 1207 927 1254 o
975 1191 1376 1255 fortunatos
1427 1191 1745 1273 nimium,
1795 1208 1924 1255 sua
1972 1191 2031 1255 si
2082 1191 2260 1256 bona
2308 1190 2567 1270 norint,

889 1308 1263 1388 agricolas!
1294 1304 1348 1384 1)

482 1426 802 1506 quamvis
872 1426 1139 1490 veritas
1209 1427 1540 1491 nimirum
1611 1427 1818 1491 aliter
1866 1444 1942 1492 se
1990 1427 2316 1492 habuerit
2342 1423 2415 1507 2).
2511 1426 2667 1507 Ipse
2696 1444 2814 1490 eos
2862 1427 3044 1492 adlo-

483 1545 755 1625 quitur:
806 1547 1001 1609 orate
1048 1544 1393 1624 agricolae
1420 1538 1492 1628 3),
1543 1547 1822 1626 sperate
1871 1545 2097 1610 coloni
2128 1540 2199 1625 4),
2249 1549 2463 1625 atque
2492 1545 2899 1626 saepissime
2925 1563 3047 1610 eos

484 1666 981 1728 commemorat
1007 1658 1082 1746 5).

571 1779 776 1861 Apud
871 1798 1112 1845 omnes
1181 1782 1428 1862 poetas
1501 1779 1713 1860 hujus
1783 1781 2122 1862 temporis
2192 1781 2537 1862 agricolae
2608 1781 2899 1846 solitum
2963 1799 3044 1847 ac

482 1899 731 1964 tritum
777 1898 919 1964 fere
967 1901 1463 1980 argumentum
1511 1901 1868 1981 praebent.
1918 1899 1989 1965 Si
2041 1900 2277 1965 variae
2316 1904 2507 1966 artes
2543 1903 3046 1965 enumerantur

481 2018 942 2098 agricolarum
991 2034 1352 2098 nunquam
1401 2019 1618 2083 deest.
1643 2016 1778 2082 -Sic
1827 2018 2126 2098 legimus
2173 2018 2358 2100 apud
2413 2017 2822 2084 Horatium:

886 2135 1261 2216 agricolam
1315 2136 1559 2200 laudat
1595 2135 1777 2216 juris
1824 2136 2195 2217 legumque
2242 2138 2534 2219 peritus,
2560 2131 2612 2212 ⁶)

482 2254 663 2335 apud
713 2253 1101 2319 Tibullum:

885 2371 1081 2437 lucra
1128 2376 1377 2453 petens
1430 2372 1645 2437 habili
1694 2374 1941 2437 tauros
1988 2372 2313 2454 adJungit
2360 2375 2593 2438 aratro

888 2493 962 2554 et
1011 2490 1263 2555 durum
1310 2494 1538 2557 terrae
1588 2491 1898 2555 rusticus
1945 2494 2149 2571 urget
2205 2509 2379 2573 opus
2405 2486 2474 2567 ⁷).

484 2609 665 2690 apud
716 2608 1192 2690 Propertium:

883 2728 1130 2792 navita
1177 2729 1261 2792 de
1309 2727 1566 2810 ventiS,
1608 2728 1692 2792 de
1736 2728 1964 2796 tauris
2007 2730 2248 2792 narrat
2287 2730 2544 2808 arator,

880 2849 1246 2912 enumerat
1293 2847 1495 2913 miles
1543 2847 1859 2930 vulnera,
1902 2849 2143 2929 pastor
2167 2863 2336 2913 oves
2362 2843 2434 2930 8).

482 2965 661 3046 apud
714 2965 1078 3030 Ovidium:

887 3084 1197 3149 rusticus
1234 3084 1633 3165 agricolam,
1680 3084 1880 3148 miles
1925 3085 2074 3148 fera
2116 3082 2300 3147 bella
2335 3085 2717 3165 gerentem,

883 3206 1226 3267 rectorem
1275 3202 1526 3267 dubiae
1578 3202 1825 3267 navita
1873 3202 2127 3283 puppis
2173 3204 2368 3266 amat
2393 3196 2465 3283 ⁹).

568 3316 784 3399 Saepe
836 3338 1005 3386 sane
1057 3324 1349 3403 apparet
1397 3337 1516 3386 eos
1564 3338 1702 3386 non
1752 3320 2125 3401 opulentos
2150 3319 2581 3399 existimari3
2615 3318 2674 3383 si
2703 3317 3041 3384 Horatius

487 3435 806 3505 divitem.
845 3440 1131 3520 pauperi
1199 3455 1544 3521 opponere
1613 3439 1791 3522 vult,
1840 3439 2046 3503 dicit:
2104 3439 2295 3523 „sive
2357 3455 2554 3518 reges
2602 3438 2773 3507 sive,
2803 3437 3042 3518 inopes

554 3746 591 3809 ¹)
625 3744 802 3813 verg.
837 3732 1165 3815 Θεᾷ-ΒΣΗ.
1202 3747 1324 3802 458.

548 3832 589 3897 ²)
627 3832 806 3901 „Eine
859 3833 1173 3901 idyllische
1230 3834 1602 3903 Auffassung
1657 3835 1762 3890 des
1814 3832 2191 3890 Landlebens
2241 3835 2325 3889 ist
2379 3834 2595 3889 immer
2629 3835 2726 3889 ein
2769 3833 3039 3888 Produkt
3142 3816 3145 3821 ’

484 3918 845 3974 stadtischer
881 3919 1296 3975 Ueberkultur
1332 3922 1456 3976 und
1494 3922 1592 3977 ein
1633 3922 1891 3977 Zeichen
1928 3922 2315 3989 ungesunder
2352 3920 2685 3976 landlicher
2714 3921 3039 3989 Zustande‚

484 4004 639 4061 denn
691 4006 778 4060 sie
813 4006 922 4061 hat
956 4022 1062 4062 zur
1099 4006 1608 4077 Voraussetzung,
1646 4009 1786 4064 dasz
1825 4009 1930 4064 der
1966 4007 2381 4064 Gutsbesitzer
2416 4008 2547 4061 sein
2585 4007 2712 4063 Gut
2747 4022 2863 4062 nur
2898 4023 3034 4063 vom

486 4091 873 4161 Standpunkt
933 4094 1038 4149 des
1097 4094 1500 4163 Villegianten
1559 4096 1906 4152 betrachtet
1968 4096 2091 4151 und
2152 4084 2273 4151 von'
2333 4096 2437 4151 der
2492 4096 2707 4149 hatten
2760 4095 2881 4149 Not
2932 4096 3037 4149 des

486 4179 928 4236 Bauernlebens
965 4182 1171 4236 nichts
1209 4183 1440 4238 weisz.’'
1478 4182 1828 4252 sonoram,
1864 4183 1985 4239 Das
2022 4183 2190 4238 Rom.
2227 4182 2454 4237 Afrika.
2494 4197 2547 4251 p.
2582 4182 2667 4237 51.

552 4266 592 4332 ⁸)
626 4266 804 4337 Verg.
841 4268 1052 4337 Georg.
1091 4269 1138 4323 Ι.
1176 4269 1295 4323 100.

550 4354 591 4422 ⁴)
701 4397 727 4424 „
920 4399 945 4425 „
1094 4356 1199 4410 III.
1238 4357 1357 4411 288.

554 4442 591 4503 ⁸)
701 4482 725 4507 „
918 4485 942 4511 „
1074 4443 1133 4496 ·1.
1169 4443 1253 4510 48,
1295 4444 1410 4510 160,
1446 4443 1566 4511 259,
1602 4443 1721 4511 299,
1758 4444 1877 4511 300,
1916 4443 2035 4511 317,
2061 4444 2181 4511 355,
2216 4442 2336 4509 429,
2373 4444 2501 4509 494;
2542 4441 2618 4496 II.
2653 4441 2738 4508 36,
2775 4442 2894 4510 401,
2914 4443 3037 4511 406,

485 4531 602 4597 445,
637 4529 766 4594 5133
809 4528 910 4584 IV.
946 4529 1066 4584 272.
1429 4535 1438 4545 ‘

555 4618 591 4673 ⁸›
628 4616 769 4671 Hor.
808 4617 933 4671 Sat.
970 4617 1016 4671 Ι.
1056 4617 1106 4671 1.
1140 4617 1191 4670 9.

554 4703 595 4768 ΐ)
632 4702 922 4759 Tibullus,
961 4703 1006 4758 Ι.
1039 4704 1090 4758 9.
1129 4706 1177 4759 7.

555 4790 595 4859 ⁸)
633 4791 900 4860 Propert.
936 4790 1015 4845 II.
1053 4792 1100 4845 1.
1136 4790 1224 4846 43.

555 4877 598 4942 ⁹)
638 4877 807 4932 Ovid.
842 4877 931 4932 Ex
970 4878 1180 4933 Ponto.
1217 4877 1295 4933 II.
1329 4880 1380 4933 5.
1414 4878 1499 4933 61.
