3770 5738
2006 485 2134 549 176

775 702 950 749 nous
1008 701 1096 749 ne
1166 683 1505 749 demande
1575 700 1700 764 pas
1767 700 1863 747 un
1929 682 2298 763 jugement
2361 682 2585 747 moral
2655 701 2778 747 sur
2816 683 2882 747 le
2928 683 3228 748 colonat.
3275 684 3331 749 Il

770 802 989 867 serait
1079 801 1300 883 pueril
1395 801 1479 866 de
1548 800 1957 882 l’appre'cier
2028 801 2301 881 d’apres
2368 801 2471 866 les
2542 801 2989 882 conceptions
3049 801 3338 883 d’esprit

770 920 894 985 des
940 925 989 984 t·
1021 937 1172 1001 mps
1221 920 1604 984 moderneS.
1655 919 2073 983 L'historien
2125 923 2298 983 veut
2331 919 2806 1000 comprendre,
2833 937 2970 984 non
2988 920 3236 1001 juger’·
3264 917 3334 996 ¹).

773 1038 920 1102 Hoc
993 1055 1162 1103 sane
1233 1039 1522 1119 probare
1593 1054 1990 1118 possumus,
2064 1055 2205 1101 una
2264 1039 2503 1102 tamen
2553 1037 2976 1102 condicione.
3030 1037 3337 1102 Praeter-

773 1174 980 1238 quam
1053 1156 1482 1236 intellegere,
1553 1155 1949 1220 conandum
1999 1155 2251 1219 saltem
2315 1159 2429 1220 est
2473 1157 2931 1235 constituere,
2979 1156 3099 1236 qui
3146 1156 3338 1221 locus

771 1275 980 1360 alicui
1054 1275 1386 1339 instituto
1433 1274 1851 1339 tribuendus
1911 1274 2007 1338 sit
2054 1274 2125 1337 in
2169 1290 2498 1354 processu
2544 1274 2910 1338 societatis
2957 1274 3338 1356 humanae;

771 1367 1080 1457 dandum
1141 1395 1254 1457 est
1314 1393 1658 1473 judicium
1732 1409 1869 1456 non
1921 1392 2254 1471 ethicum,
2305 1392 2450 1473 sed,
2497 1396 2580 1455 ut
2628 1393 2730 1455 ita
2767 1392 3017 1471 dicam,
3067 1392 3340 1457 histori-

773 1528 953 1575 cum.
1004 1510 1115 1575 Ita
1162 1512 1230 1575 in
1282 1513 1529 1575 nostra
1575 1527 1649 1575 re
1698 1510 2172 1575 necessarium
2219 1527 2357 1575 non
2408 1515 2521 1575 est
2569 1509 2801 1591 eloqui
2849 1510 3078 1590 qualis
3102 1527 3339 1575 secun·

773 1630 940 1694 duni
1029 1631 1311 1694 nostam
1394 1629 1827 1693 sententiam
1914 1629 2228 1693 condicio
2297 1628 2704 1693 colonorum
2772 1627 3023 1708 fuerit;
3093 1632 3338 1693 contra

771 1750 1033 1827 tamen,
1112 1749 1456 1828 quantum
1544 1749 1799 1826 potest,
1873 1746 2449 1811 constituendum
2524 1749 2636 1811 est
2705 1763 2844 1827 qua
2912 1746 3180 1811 ratione
3248 1747 3336 1810 ab

769 1865 1180 1947 aequalibus
1240 1865 1620 1929 aestimata
1679 1865 1795 1946 sit,
1845 1864 2073 1945 qualis
2118 1864 2334 1928 fuerit
2379 1869 2783 1945 comparata
2828 1881 2984 1929 cum
3034 1881 3117 1929 ea
3160 1880 3337 1945 quae

771 1983 1179 2062 antecessit,
1246 1985 1462 2063 atque
1533 1999 1702 2046 num
1776 1981 2149 2046 discrimen
2221 1983 2311 2046 ab
2360 1983 2534 2065 ipsis
2580 1982 2847 2047 colonis
2891 1984 2990 2046 sit
3034 1981 3337 2047 animad-

773 2119 1077 2167 versum.
1147 2101 1247 2167 De
1295 2101 1485 2166 hisce
1548 2102 1756 2165 rebus
1811 2101 2047 2165 fontes
2095 2101 2300 2182 plura
2349 2118 2476 2166 nos
2524 2101 2781 2165 docent
2828 2117 3041 2181 quam
3067 2100 3333 2166 Fusa-131.

770 2220 1077 2301 putavit,
1169 2219 1349 2284 satis
1418 2218 1675 2284 saltem
1746 2222 1828 2283 ut
1919 2220 2213 2299 probare
2281 2219 2634 2299 possimus
2704 2219 2859 2300 ejus
2918 2219 3335 2301 opinionem,

771 2339 1158 2404 secundum
1225 2354 1435 2419 quam
1497 2337 1656 2418 jure
1725 2338 2092 2402 colonatus
2161 2336 2639 2402 condicionem
2725 2336 3127 2402 colonorum
3197 2354 3336 2402 non

770 2456 998 2521 solum
1070 2473 1206 2520 non
1282 2456 1700 2521 deteriorem
1747 2456 1869 2520 sed
1917 2455 2136 2520 etiam
2182 2455 2540 2521 meliorem
2588 2455 2850 2519 factam
2897 2472 3052 2520 esse
3100 2455 3336 2520 existi·

771 2575 1031 2657 mabat,
1102 2578 1295 2639 certo
1364 2574 1628 2639 certius
1687 2590 1827 2638 non
1898 2579 2089 2639 recte
2158 2590 2235 2639 se
2305 2573 2581 2638 habere.
2656 2572 2983 2638 Omnium
3031 2574 3334 2655 primum

771 2693 941 2757 haec
988 2693 1057 2757 in
1111 2693 1523 2758 universum
1563 2692 1711 2773 jam
1758 2692 2182 2757 considerari
2269 2694 2603 2774 possunt:
2691 2692 3023 2772 quamdiu
3109 2692 3334 2757 coloni

771 2811 1080 2877 nondum
1158 2811 1305 2893 lege
1374 2811 1523 2877 solo
1592 2814 1797 2877 erant
1850 2811 2175 2876 adstricti
2243 2813 2317 2877 et
2365 2811 2466 2877 ita
2514 2810 2601 2876 iis
2650 2810 2957 2876 facultas
3006 2811 3338 2877 manebat

768 2930 1157 3013 recedendi,
1226 2931 1292 2994 in
1367 2929 1674 3012 generali
1740 2930 1860 2995 illa
1930 2930 2167 3010 inopia
2205 2930 2677 3010 operariorum
2718 2930 3026 3010 ipsorum
3073 2946 3336 3012 posses·

767 3066 1003 3114 sorum
1102 3049 1445 3113 intererat
1536 3048 1801 3114 colonis
1893 3065 2105 3128 quam
2175 3049 2481 3113 maxime
2553 3064 2871 3128 parcere3
2944 3065 3079 3130 quo
3147 3051 3335 3113 certe

769 3167 982 3232 fiebat
1045 3170 1129 3232 ut
1190 3168 1546 3248 oppressio
1573 3167 1977 3232 colonorum
2049 3170 2322 3232 certum
2392 3166 2674 3232 modum
2742 3184 2881 3232 non
2945 3167 3335 3232 excederet.

770 3284 1076 3349 Simulac
1145 3289 1387 3350 autem
1447 3285 1606 3367 jure
1677 3285 2046 3351 colonatus
2115 3285 2380 3350 colonis
2444 3285 2651 3350 unica
2714 3286 2895 3350 ratio
2943 3285 3336 3368 resistendi,

768 3404 955 3485 fuga,
1026 3406 1136 3468 est
1202 3403 1505 3484 dempta,
1577 3404 1900 3486 propriae
1971 3403 2314 3468 utilitatis
2377 3420 2545 3468 cura
2591 3420 2730 3468 non
2778 3403 3083 3485 amplius
3127 3420 3339 3468 causa

769 3525 923 3587 erat
999 3538 1121 3586 cur
1188 3521 1468 3586 colonos
1533 3521 1706 3586 bene
1776 3524 2192 3586 tractarent.
2244 3521 2446 3587 Nunc
2488 3522 2713 3586 coloni
2762 3521 3064 3586 inermes
3111 3524 3335 3603 erant,

771 3639 1043 3704 libidini
1117 3639 1554 3704 dominorum
1601 3640 1882 3704 omnino
1931 3639 2184 3721 dediti3
2234 3640 2386 3705 sine
2448 3639 2655 3705 dubio
2718 3640 2788 3704 id
2835 3656 3107 3721 quoque
3155 3639 3336 3704 dam·

771 3775 1024 3823 nosum
1071 3759 1226 3823 erat
1272 3757 1682 3823 condicioni.
1745 3793 1807 3804 —
1869 3758 2244 3824 Praeterea
2291 3758 2473 3823 idem
2523 3758 2630 3822 vir
2669 3757 2919 3823 doctus
2964 3758 3335 3822 adhaeren-

773 3877 916 3941 tiae
991 3875 1057 3940 id
1123 3876 1562 3941 commodum
1612 3876 1830 3941 fuisse
1895 3877 2200 3958 putavit,
2249 3876 2452 3957 quod,
2520 3876 2798 3941 etiamsi
2861 3876 3141 3941 colonos
3186 3875 3334 3941 solo

771 3994 1150 4059 adstrictos
1241 3996 1460 4078 tenet,
1557 3997 1803 4059 contra
1897 3997 2137 4060 autem
2206 3994 2354 4059 fieri
2423 4011 2561 4059 non
2623 3996 2903 4076 poterat
2972 4002 3055 4060 ut
3116 3994 3187 4059 hi
3245 3993 3333 4058 ad

772 4112 1132 4177 libidinem
1176 4129 1657 4194 possessorum
1706 4113 1790 4177 de
1834 4112 2136 4193 praediis
2182 4114 2331 4178 suis
2379 4112 2915 4194 depellerentur.

867 4231 1076 4312 Fugit
1123 4235 1364 4297 autem
1411 4248 1574 4297 eum
1620 4231 2112 4310 aequabilitati
2153 4231 2355 4312 juris,
2384 4231 2443 4295 si
2467 4230 2692 4296 altera
2717 4248 2878 4312 pars
2901 4229 3337 4296 oeconomice

776 4348 979 4430 longe
1040 4350 1397 4431 potentior
1444 4352 1578 4432 est,
1630 4350 1918 4415 minime
1965 4350 2473 4430 aequalitatem
2521 4349 2589 4420 in
2642 4348 3149 4414 consuetudine
3173 4347 3336 4412 coti·

777 4468 985 4532 diana
1031 4468 1472 4548 respondere.
1521 4466 1697 4549 Quid
1744 4469 1870 4532 aut
1918 4468 2074 4549 quis
2099 4468 2386 4533 tandem
2409 4467 2904 4550 prohibuisset,
2930 4466 2991 4531 si
3017 4483 3335 4547 quacum·

777 4602 908 4666 que
980 4586 1063 4650 de
1134 4602 1346 4650 causa
1418 4586 1546 4651 hoc
1617 4585 1836 4651 vellet
1913 4586 2256 4668 dominus,
2333 4587 2706 4666 quominus
2756 4586 2816 4650 is
2878 4583 3200 4650 colonum
3247 4601 3337 4648 ex

777 4703 1058 4784 praedio
1136 4703 1522 4785 depelleret
1582 4706 1656 4770 et
1712 4704 1933 4769 alium
1972 4706 2043 4769 in
2092 4704 2246 4786 ejus
2302 4704 2531 4770 locum
2576 4702 3044 4784 subrogaret?
3136 4701 3215 4766 Id
3261 4717 3336 4766 re

852 4841 891 4913 ²)
929 4841 1185 4915 Fusa-nn,
1220 4842 1259 4898 l.
1295 4858 1344 4899 c.
1383 4857 1439 4912 p.
1478 4844 1601 4899 138.
