3770 5738
2005 532 2094 595 84

776 728 938 793 dere
1009 728 1095 794 ad
1167 728 1698 794 multitudinem
1768 729 2134 795 hominum
2182 729 2688 795 desidiosorum
2736 731 2809 794 et
2853 731 3333 810 grassatorum

772 863 950 927 quae
1021 863 1311 928 magnas
1381 848 1591 912 urbes
1659 847 2018 928 implebat,
2082 847 2170 912 ad
2237 846 2553 913 infimam
2600 847 2839 929 populi
2885 847 3171 913 faecem.
3243 847 3334 912 Et

770 965 1094 1047 quamvis
1136 982 1389 1046 magna
1436 966 1605 1030 haec
1648 965 1928 1043 fuisset,
1977 967 2132 1031 tota
2171 965 2368 1047 plebs
2415 966 2801 1046 agrestium
2840 967 3081 1031 tamen
3107 965 3332 1030 multo

769 1084 1202 1149 numerosior
1273 1086 1446 1149 erat.
1499 1120 1582 1130 —
1633 1083 1898 1149 Deinde
1968 1084 2029 1148 si
2099 1101 2222 1165 per
2290 1100 2446 1148 eam
2518 1086 2850 1167 aetatem,
2901 1100 3111 1165 quam
3160 1084 3330 1166 dixi,

768 1201 1008 1267 nullus
1054 1202 1237 1267 alius
1283 1202 1477 1267 labor
1523 1204 1800 1285 praeter
1848 1219 2213 1267 servorum
2262 1202 2627 1268 adhibitus
2678 1205 2811 1285 est,
2839 1202 3022 1267 unde
3046 1202 3335 1267 tandem

769 1322 1037 1402 postea,
1085 1337 1165 1386 eo
1214 1322 1532 1402 tempore
1575 1336 1709 1402 quo
1758 1320 2147 1385 secundum
2194 1320 2560 1401 vulgarem
2608 1321 3004 1402 opinionem
3052 1338 3177 1402 pro
3203 1320 3332 1386 hoc

770 1456 1133 1505 servorum
1184 1438 1419 1504 labore
1458 1455 1705 1503 rursus
1755 1439 2152 1503 substituta
2176 1442 2286 1503 est
2311 1438 2590 1504 cultura
2614 1455 2988 1521 parvorum
3012 1456 3338 1520 agrorum

769 1574 813 1622 a
888 1556 1152 1623 colonis
1218 1557 1629 1641 exercitata,
1691 1557 1891 1621 venit
1954 1557 2075 1620 illa
2122 1557 2317 1637 copia
2363 1557 2788 1641 mortalium,
2837 1557 2958 1623 illa
3009 1558 3340 1622 materies

774 1676 1101 1754 humana,
1166 1692 1304 1757 qua
1353 1678 1439 1740 ut
1486 1677 1615 1741 hoc
1664 1674 1813 1740 fieri
1861 1677 2101 1756 posset
2148 1692 2323 1756 opus
2371 1676 2613 1740 esset‘»>
2665 1676 2868 1760 „Niet
2915 1676 3153 1741 zelden
3204 1676 3337 1741 ook

773 1795 1130 1859 trachtten
1203 1794 1314 1873 (de
1370 1796 1612 1874 groote
1660 1793 2223 1876 landeigenaren)
2276 1794 2491 1858 onder
2540 1794 2706 1859 deze
2752 1794 3156 1877 gewijzigde
3202 1810 3339 1858 om-

770 1912 1281 1994 standigheden
1351 1914 1656 1995 (spectat
1713 1912 1799 1977 ad
1850 1929 2216 1977 servorum
2264 1913 2538 1977 numeri
2585 1912 2973 1990 decessum)
3026 1911 3336 1977 stukken

768 2047 907 2096 van
977 2031 1125 2095 hun
1196 2030 1417 2111 grond
1462 2047 1597 2095 aan
1646 2032 1817 2113 vrije
1881 2031 2172 2111 burgers
2243 2030 2349 2095 als
2419 2032 2749 2112 pachters
2814 2035 2887 2096 te
2938 2028 3334 2096 verhuren”

773 2123 1058 2230 scripsit
1102 2166 1170 2214 v.
1222 2149 1303 2214 cl.
1355 2144 1687 2226 TREU131).
1738 2147 1871 2214 Sed
1928 2149 2111 2214 unde
2160 2149 2262 2213 illi
2307 2149 2506 2214 liberi
2555 2150 2798 2215 cives?
2844 2150 3029 2215 Num
3076 2148 3337 2231 eplebe

772 2268 1088 2333 urbana&>
1136 2265 1272 2332 Sed
1320 2268 1754 2349 experientia
1800 2267 2014 2332 etiam
2063 2270 2276 2349 atque
2324 2267 2537 2333 etiam
2582 2268 2821 2333 docuit
2844 2269 3023 2333 hanc
3058 2267 3141 2333 ad
3169 2268 3335 2333 assi·

776 2385 993 2450 duum
1044 2386 1352 2451 laborem
1397 2386 1743 2450 rusticum
1766 2386 2054 2450 minime
2081 2385 2407 2451 idoneam
2431 2402 2604 2450 esse.
2668 2422 2729 2430 —
2799 2386 3159 2451 Postremo
3185 2385 3335 2451 loco

776 2521 1047 2586 quoque
1096 2504 1807 2570 animadvertendum
1865 2506 1996 2585 est,
2046 2504 2226 2586 quod
2279 2503 2588 2585 profecto
2615 2521 2738 2586 per
2762 2520 2837 2569 se
2859 2504 3008 2585 jam
3033 2502 3337 2568 multum

775 2623 991 2705 valet,
1040 2624 1264 2689 totius
1305 2623 1494 2688 illius
1520 2623 2115 2705 commutationiS,
2141 2640 2277 2705 qua
2302 2639 2424 2704 pro
2449 2616 2986 2704 permagnorum
3007 2639 3334 2702 agrorum

774 2742 1052 2808 cultura
1099 2742 1325 2808 altera
1369 2743 1551 2807 ratio
1599 2743 1891 2823 exiguos
1935 2742 2197 2823 agellos
2251 2741 2521 2806 colendi
2546 2743 2619 2805 et
2645 2741 2916 2806 locandi
2941 2740 3336 2806 substituta

774 2879 928 2927 esse
982 2861 1258 2944 dicitur,
1308 2861 1380 2926 in
1424 2861 1739 2927 fontibus
1784 2860 2046 2926 nostris
2092 2877 2381 2943 prorsus
2409 2859 2681 2925 nullam
2708 2859 3135 2925 mentionem
3162 2858 3331 2924 fieri.

863 2981 1070 3046 Patet
1152 2980 1676 3059 inquisitionem
1767 2980 1837 3044 in
1924 2980 2268 3044 rationem
2352 2995 2676 3059 agrorum
2748 2978 3086 3061 culturae,
3154 2994 3331 3059 quae

773 3103 941 3164 ante
1010 3099 1410 3164 colonatum
1457 3098 1616 3181 fuit,
1664 3098 2080 3180 faciendam,
2138 3098 2375 3179 magni
2410 3097 2742 3179 ponderis
2789 3113 2941 3161 esse
2987 3096 3077 3161 ad
3125 3096 3336 3177 hujus

775 3217 1113 3298 originem
1184 3216 1717 3298 explanandam.
1792 3217 1927 3281 Eos
1996 3216 2202 3297 enim,
2252 3216 2370 3296 qui
2413 3219 2677 3296 negant
2720 3217 2888 3280 ante
2933 3215 3335 3280 colonatum

778 3335 992 3401 fuisse
1055 3335 1368 3401 ordinem
1437 3336 1903 3416 agricolarum
1972 3336 2044 3400 in
2107 3335 2314 3400 Italia
2361 3337 2435 3400 et
2482 3335 2599 3416 qui
2640 3351 3005 3400 servorum
3051 3337 3336 3398 tantum

774 3454 1082 3520 laborem
1142 3456 1555 3537 agnoscunt,
1626 3471 1909 3519 necesse
1957 3456 2068 3518 est
2120 3454 2527 3518 existimare
2576 3489 2660 3499 —
2709 3454 2922 3533 atque
2967 3452 3337 3517 ostendere

778 3573 1013 3639 conari
1073 3610 1135 3619 —
1197 3573 1478 3639 colonos
1534 3572 2018 3653 adhaerentes,
2067 3588 2240 3652 quos
2287 3587 2375 3635 ex
2402 3570 2669 3652 legibus
2695 3570 3168 3652 cognovimuS,
3201 3587 3337 3635 ser-

780 3709 905 3756 vos
954 3708 1107 3757 esse
1158 3695 1286 3756 aut
1337 3691 1573 3756 fuisse.
1624 3690 1898 3756 Revera
1944 3691 2113 3755 haec
2161 3692 2271 3754 est
2296 3688 2676 3773 ,sententia
2721 3688 3338 3769 Ronnnnr1,quam

776 3810 1186 3876 brevissime
1241 3826 1575 3891 expressa
1620 3810 1853 3874 verbis
1901 3827 1967 3873 v.
2017 3807 2102 3873 cl.
2155 3808 2480 3873 Biicnnn:
2534 3807 2655 3892 „In
2703 3807 2878 3871 Rom
2904 3806 3337 3887 verschlingt

781 3930 901 3994 der
973 3928 1646 4009 Groszgrundbesitz
1719 3927 1851 3993 den
1927 3927 2207 3992 kleinen
2278 3926 2420 3990 und
2481 3927 2744 3991 ersetzt
2811 3925 2942 3990 den
2990 3925 3164 3990 Arm
3215 3925 3337 3990 des

777 4048 1053 4113 Bauern
1125 4047 1345 4112 durch
1392 4048 1523 4112 den
1576 4047 1698 4112 des
1738 4045 2069 4125 Sklaven,
2118 4062 2238 4110 um
2288 4045 2522 4110 diesen
2571 4046 2810 4126 spater
2857 4044 2927 4108 in
2982 4044 3113 4109 den
3138 4044 3337 4109 Kolo-

777 4184 913 4232 nen
962 4167 1501 4231 umzuwandlen
1528 4161 1646 4244 2)’'.

880 4285 968 4350 Et
1029 4286 1216 4350 inter
1264 4301 1382 4350 eos
1431 4301 1725 4366 quoque,
1777 4284 1896 4364 qui
1943 4285 2104 4365 post
2154 4282 2580 4347 recentiores
2628 4280 3150 4362 explorationes
3196 4297 3340 4362 per·

792 4405 1181 4485 spexerunt
1215 4402 1334 4484 jns
1384 4403 1751 4469 colonatus
1789 4402 2029 4467 liberis
2085 4400 2407 4483 agricolis
2455 4399 2864 4482 impositum
2909 4416 3085 4482 esse,
3129 4399 3337 4464 multi

779 4523 1245 4587 inveniuntur
1314 4522 1433 4603 qui
1502 4524 1803 4602 pergunt
1865 4536 2111 4586 servos
2159 4520 2360 4602 quasi
2408 4519 2704 4585 alteram
2750 4519 3122 4583 materiam
3166 4517 3337 4584 colo-
