3770 5738
1695 516 1784 579 53

437 709 924 791 adscripticios
972 716 1171 794 esse),
1224 712 1458 777 docet:
1514 711 1756 797 „cujus
1804 714 1939 795 ipsi
1989 718 2179 798 sunt,
2229 684 2540 798 ejusdem
2597 721 2831 786 omnia
2877 739 3007 787 sua

442 846 595 892 esse
635 829 1129 908 cognoscant.”
1172 831 1260 895 Et
1295 830 1468 896 Nov.
1505 831 1689 896 Just.
1733 832 1999 897 CLXII.
2043 851 2191 916 cap.
2236 835 2298 916 2,
2344 839 2717 918 postquam
2747 839 3006 904 statuit

446 950 525 1011 ut
569 949 687 1027 qui
733 965 822 1013 ex
871 943 1090 1013 libera
1135 953 1363 1015 matre
1410 953 1484 1014 et
1531 952 1732 1032 patre
1780 951 2228 1033 adscripticio
2278 955 2428 1018 nati
2476 958 2666 1038 sunt,
2716 973 2856 1021 non
2889 958 3001 1021 ad-

443 1067 776 1147 scriptioii
819 1071 1079 1148 essent,
1115 1068 1231 1132 sed
1279 1067 1524 1150 coloni,
1567 1069 1756 1133 hisce
1803 1071 2035 1134 verbis
2069 1072 2459 1136 concludit:
2495 1074 2643 1156 „sin
2671 1091 2757 1139 ex
2785 1075 3003 1140 libera

443 1187 664 1250 matre
689 1188 813 1267 (sc.
842 1189 917 1251 et
941 1186 1387 1267 adscriptioio
1415 1189 1614 1268 patre
1642 1188 2036 1270 03118001),
2065 1191 2450 1255 manebunt
2474 1192 2751 1272 quidem
2780 1193 3002 1275 liberi,

445 1303 513 1383 (1.
559 1320 617 1367 0.
669 1321 805 1368 000
857 1304 1038 1369 fiunt
1084 1304 1542 1385 adscriptici'i)
1589 1308 1661 1370 et
1711 1323 1889 1385 quae
1938 1308 2024 1371 ab
2072 1307 2160 1371 iis
2204 1309 2552 1429 acquisita
2591 1315 2763 1375 sunt
2787 1328 3002 1393 penes

444 1422 629 1502 ipsos
675 1425 887 1487 erunt
932 1441 1047 1489 nec
1081 1424 1425 1505 peculium
1473 1424 1587 1503 fiet
1633 1425 2129 1490 dominorum?

532 1540 777 1621 Itaque
825 1541 1290 1622 adscripticiis
1338 1542 1721 1606 dominium
1760 1543 2118 1624 acquirere
2143 1544 2424 1625 quidem
2451 1545 2616 1610 licet
2643 1541 2695 1629 ¹)
2721 1582 2806 1592 —
2834 1546 3000 1627 quin

444 1659 654 1723 etiam
723 1659 940 1724 semel
1011 1676 1238 1725 sermo
1310 1664 1419 1725 est
1491 1660 1575 1725 de
1638 1678 1963 1741 agrorum
2011 1664 2451 1742 possessione
2477 1660 2530 1744 2)
2600 1700 2667 1708 -
2718 1664 2841 1729 sed
2890 1681 3002 1729 res

443 1795 603 1842 suas
653 1778 846 1843 obire
895 1778 1108 1844 libere
1152 1796 1288 1843 non
1339 1783 1672 1860 possunt3
1724 1781 1852 1844 hac
1901 1780 1972 1844 in
2024 1797 2096 1845 re
2145 1781 2360 1861 igitur
2408 1798 2620 1863 prope
2646 1782 2731 1847 ad
2759 1799 3001 1847 servos

442 1896 803 1961 accedunt.
879 1896 1031 1962 Hoc
1099 1900 1336 1963 tamen
1407 1898 1745 1963 differunt
1794 1899 1976 1978 quod
2017 1898 2136 1979 jus
2184 1900 2537 1964 habebant
2587 1900 2821 1965 omnia
2872 1917 3001 1966 sua

442 2010 813 2095 legandi³)‚
864 2032 998 2096 quo
1047 2018 1382 2098 probatur
1430 2020 1859 2097 potestatem
1915 2017 2177 2082 domini
2229 2035 2366 2082 non
2413 2021 2561 2082 tam
2602 2019 3000 2084 absolutam

440 2133 655 2199 fuisse
703 2149 914 2214 quam
963 2134 1184 2199 videri
1227 2138 1467 2216 potest
1517 2135 1904 2215 exlegibus
1945 2136 2507 2218 supralaudatis
2538 2137 2815 2202 Etenim
2840 2154 3000 2201 cum

440 2251 668 2317 clerici
719 2255 794 2317 et
841 2254 1159 2318 monachi
1209 2253 1557 2318 decedunt
1606 2254 1937 2319 intestati
1985 2271 2098 2318 res
2147 2270 2387 2319 eorum
2436 2254 2769 2319 ecclesiae
2796 2254 3000 2336 fiunt,

439 2374 927 2451 praeterquam
1000 2372 1060 2436 si
1137 2371 1394 2436 mortui
1465 2372 1720 2450 liberti,
1771 2371 2071 2436 curiales
2117 2376 2244 2436 aut
2292 2372 2617 2437 censibus
2664 2372 3001 2454 adscripti

437 2489 760 2570 fuerunt3
803 2489 982 2571 quod
1033 2490 1091 2554 si
1140 2490 1243 2554 ita
1289 2492 1463 2571 0131,
1515 2507 1625 2554 res
1673 2507 1914 2554 eorum
1961 2490 2296 2572 patronis,
2348 2490 2559 2554 curiis
2614 2498 2740 2555 aut
2791 2490 2999 2555 domi·

436 2608 546 2672 nis
626 2603 1088 2673 cesserunt⁴.
1165 2609 1312 2690 Quo
1383 2625 1471 2673 ex
1542 2611 1918 2698 praecepto
1986 2608 2158 2672 effici
2229 2610 2465 2689 potest
2533 2608 3000 2689 adscripticiis

432 2727 708 2808 copiam
778 2727 1055 2808 quidem
1131 2726 1349 2792 fuisse
1411 2728 1825 2792 testamenti
1875 2726 2176 2792 faciendi
2226 2725 2570 2806 siquidem
2620 2726 3002 2791 noluerunt

432 2862 543 2911 res
591 2862 760 2911 suas
814 2845 1249 2911 dominorum
1291 2846 1461 2911 fleri.
1505 2846 1736 2911 Etiam
1771 2845 1953 2926 quod
1997 2862 2156 2910 cum
2194 2844 2467 2910 libertis
2506 2846 2579 2910 et
2620 2844 3000 2911 curialibus

428 2965 918 3046 adaequantur
995 2964 1169 3030 facit
1232 2969 1312 3030 ut
1381 2982 1620 3030 eorum
1684 2964 1996 3030 condicio
2054 2964 2286 3028 minus
2352 2963 2589 3045 iniqua
2650 2963 2995 3028 videatur.

504 3125 542 3189 ¹)
581 3124 645 3179 L.
664 3124 718 3178 2.
738 3125 771 3191 ἓ
789 3124 839 3179 3.
859 3124 917 3181 C.
938 3124 991 3180 J.
1011 3124 1118 3180 XI.
1138 3125 1221 3180 50.
1246 3166 1283 3179 ..
1303 3123 1648 3193 acquirendi
1669 3125 1933 3193 tantum,
1954 3138 2075 3178 non
2095 3123 2278 3178 etiam
2295 3121 2696 3177 transferendi
2709 3122 2998 3191 potestas.

497 3212 539 3277 ²)
577 3211 732 3268 Nov.
783 3212 942 3268 Just.
994 3211 1331 3280 CXXVIII.
1391 3227 1518 3281 cap.
1575 3213 1657 3267 14.
1707 3211 1930 3286 Nullus
1967 3213 2176 3266 autem
2213 3209 2459 3278 penitus
2498 3208 2856 3263 molestetur
2891 3223 2997 3277 pro

429 3299 676 3355 tribulis
730 3301 1026 3355 terrarum
1081 3314 1232 3368 quas
1286 3314 1407 3354 non
1462 3295 1746 3368 possidet,
1796 3298 1901 3353 sed
1946 3298 2129 3352 etiam
2167 3297 2218 3352 si
2256 3296 2570 3364 contingat
2604 3295 2998 3364 agricultores

426 3387 606 3443 alicui
667 3389 1078 3455 competentes
1131 3388 1241 3442 aut
1295 3386 1705 3455 adscripticios
1764 3386 2061 3455 propriam
2103 3384 2319 3439 habere
2367 3383 2828 3451 possessionem,
2862 3382 2997 3438 illos

427 3490 532 3545 pro
570 3489 643 3529 ea
680 3474 918 3542 publica
944 3475 1114 3542 ‘exigi
1153 3474 1400 3542 tributa,
1438 3473 1679 3529 domino
1716 3488 1924 3528 eorum
1964 3471 2194 3527 nullam
2220 3485 2324 3539 pro
2345 3471 2432 3525 eis
2453 3469 2796 3525 molestiam
2815 3470 2997 3525 susti·

430 3565 633 3629 nente,
676 3560 790 3617 nisi
826 3560 979 3616 forte
1015 3561 1252 3630 propria
1287 3562 1601 3616 voluntate
1640 3561 1745 3615 tali
1782 3559 2081 3615 functioni
2120 3572 2185 3613 se
2223 3558 2365 3613 fecit
2399 3557 2749 3613 obnoxium.

497 3652 540 3715 ²)
580 3649 811 3718 InJuria
846 3650 1026 3717 putat
1063 3649 1431 3704 Ronmm-us
1469 3649 1534 3715 (l.
1572 3647 1611 3703 1.
1648 3664 1700 3717 p.
1731 3647 1852 3708 253>
1876 3647 2201 3702 discrimen
2218 3645 2378 3700 inter
2399 3643 2642 3699 colonos
2661 3645 2725 3698 et
2740 3642 2994 3711 adscrip-

431 3740 602 3795 ticios
658 3738 887 3792 ratione
946 3736 1150 3792 habita
1187 3736 1567 3792 dominorum
1605 3736 1787 3790 etiam
1827 3733 2175 3789 nominibus
2212 3731 2622 3800 significatum
2659 3744 2810 3799 esse,
2846 3729 2994 3784 haec

426 3826 701 3882 locutus:
771 3825 909 3895 „Die
965 3823 1396 3892 Adscript-icier
1450 3822 1593 3877 oder
1645 3820 2035 3876 sklavischen
2090 3819 2353 3875 Colonen
2410 3818 2624 3872 hatten
2679 3817 2744 3872 in
2798 3816 2992 3870 ihrem

428 3913 625 3969 Herrn
664 3913 841 3967 einen
881 3912 1078 3967 Herrn
1118 3911 1278 3966 ihrer
1315 3910 1557 3976 Person,
1596 3910 1701 3964 der
1736 3908 2019 3962 dominus
2055 3903 2787 3974 (adscripticii)hiesz;die
2805 3902 2992 3957 freien

429 3999 693 4064 Colonen
729 4000 940 4054 hatten
974 4000 1036 4053 in
1069 3998 1197 4054 ihm
1236 4012 1352 4052 nur
1388 3998 1566 4052 einen
1602 3995 2016 4064 Grundherrm
2054 3993 2159 4048 der
2193 3993 2485 4062 patronus
2522 3990 2663 4045 oder
2698 3989 2853 4047 auch
2877 4003 2994 4044 nur

429 4087 714 4143 dominus
772 4090 963 4142 terrae
1024 4085 1240 4141 biesz.”
1299 4116 1350 4124 —
1405 4083 1765 4153 Saepissime
1827 4081 1987 4150 apud
2047 4078 2459 4148 adscripticios
2518 4091 2717 4132 sermo
2773 4078 2867 4131 est
2921 4076 2992 4131 de

434 4176 587 4243 „agri
628 4173 904 4229 domino”
943 4174 1027 4239 (L.
1068 4174 1150 4229 16.
1190 4172 1247 4227 C.
1286 4172 1339 4228 J.
1375 4172 1422 4226 I.
1456 4171 1527 4238 3),
1569 4170 1841 4238 „domino
1879 4166 2309 4238 possessionis”
2347 4165 2432 4231 (L.
2460 4165 2545 4219 20.
2573 4166 2608 4233 5
2634 4162 2990 4232 1.G.J.1.3),

434 4261 707 4330 „domino
743 4260 1105 4316 fundorum”
1144 4260 1226 4316 (L.
1261 4260 1346 4314 36.
1386 4257 1444 4313 C.
1481 4257 1535 4313 J.
1569 4257 1615 4313 Ι.
1653 4257 1741 4323 3);
1778 4258 1990 4313 000113
2013 4257 2220 4310 autem
2244 4266 2552 4322 possessor
2569 4251 2728 4321 apud
2749 4251 2991 4306 colonos

432 4362 604 4418 saepe
643 4348 923 4403 dominus
958 4349 1204 4403 tantum
1242 4347 1462 4401 dicitur
1496 4346 1586 4400 ‹L.
1623 4345 1706 4400 10.
1744 4347 1774 4414 ξ
1811 4345 1860 4399 1.
1899 4343 1957 4399 C.
1994 4343 2101 4398 Th.
2133 4341 2209 4396 X.
2246 4341 2358 4408 20),
2395 4340 2576 4407 atque
2597 4338 2782 4393 etiam
2803 4336 2988 4393 semel

433 4438 680 4490 vocatur
716 4436 798 4503 „is
835 4450 871 4490 a
908 4449 1024 4503 quo
1062 4433 1404 4503 possidetur
1440 4434 1543 4500 (sc.
1581 4432 1867 4501 colonus).
1872 4431 1901 4454 '⁹
1939 4430 2021 4498 (L.
2065 4432 2110 4485 l.
2148 4428 2206 4484 C.
2245 4427 2350 4483 Th.
2390 4426 2461 4481 V.
2501 4426 2609 4490 10).

502 4522 539 4584 ³)
575 4521 755 4591 Apud
808 4536 1030 4586 servos,
1089 4523 1158 4576 ut
1214 4528 1428 4576 notum
1485 4521 1597 4587 est,
1652 4520 1762 4574 1100
1819 4517 2178 4573 beneficium
2228 4515 2467 4570 finitum
2504 4514 2634 4568 erat
2670 4511 2743 4566 ad
2782 4525 2987 4567 servos

440 4610 701 4676 publicos
738 4609 894 4678 quod
931 4608 1229 4663 attinebat
1265 4608 1337 4662 ad
1378 4607 1691 4662 dimidium
1729 4605 1966 4675 peculii.

504 4698 547 4748 ⁴)
585 4697 646 4751 L.
682 4697 767 4750 20.
804 4696 860 4750 C.
899 4696 950 4750 J.
989 4697 1035 4750 I.
1070 4696 1120 4748 3.
1159 4695 1219 4751 Si
1266 4695 1402 4763 quis
1455 4694 1768 4762 presbyter
1822 4693 1932 4745 aut
1985 4691 2273 4745 diaconus
2325 4687 2433 4743 aut
2489 4685 2826 4741 diaconissa
2878 4688 2988 4740 3111

446 4783 839 4838 subdiaconus
876 4784 967 4838 vel
1005 4781 1329 4848 cujuslibet
1366 4780 1617 4836 alterius
1651 4779 1763 4835 loci
1802 4778 2054 4832 clericus
2091 4778 2199 4830 aut
2233 4775 2571 4830 monachus
2607 4773 2714 4826 aut
2752 4771 2985 4841 mulier,

447 4881 587 4935 quae
642 4869 935 4925 solitariae
992 4871 1150 4925 vitae
1205 4868 1405 4924 dedita
1458 4870 1569 4935 est,
1620 4867 1785 4922 nullo
1833 4863 2075 4920 condito
2112 4863 2482 4922 testamento
2519 4858 2841 4915 decesserit
2876 4872 2984 4913 000
