3770 5738
1684 519 1770 584 47

439 716 707 782 Kinder
747 735 885 782 von
936 717 1199 783 Beiden
1249 717 1587 799 getroffen
1637 717 1988 819 werden.”
2042 717 2236 799 Quod
2285 718 2372 783 ad
2399 719 2701 800 primum
2726 720 3010 796 attinet,

441 836 654 918 servi,
732 836 818 901 de
890 837 1143 917 quibus
1219 838 1391 901 haec
1463 835 1582 901 lex
1650 836 1819 918 agit,
1871 854 2008 901 non
2061 840 2230 901 sunt
2287 836 2436 921 „die
2484 838 3010 918 gewohnlichen

446 953 1015 1037 Haussklaven,’'
1067 954 1190 1020 sed
1249 958 1329 1019 ut
1377 955 1449 1018 in
1500 954 1826 1019 omnibus
1878 954 2037 1019 aliis
2086 955 2380 1035 legibus,
2430 956 2501 1019 in
2528 955 3013 1035 quibusjuxta

447 1072 730 1137 colonos
778 1075 1281 1154 memorantur,
1333 1073 1518 1137 servi
1570 1073 1815 1137 rustici
1842 1076 2034 1155 sunt,
2063 1072 2324 1154 pariter
2347 1076 2558 1155 atque
2585 1073 3012 1155 adscripticii

445 1192 521 1255 et
568 1189 792 1255 coloni
841 1190 987 1255 solo
1036 1190 1359 1256 adstricti
1392 1186 1457 1272 ¹).
1508 1190 1644 1255 Sed
1684 1190 1900 1256 etiam
1924 1190 2227 1256 alterum
2256 1190 2427 1255 illud
2454 1208 2741 1256 sensum
2766 1194 3011 1273 aptum

448 1325 587 1373 non
658 1309 894 1391 habet,
972 1308 1326 1390 quoniam,
1376 1309 1434 1373 si
1484 1309 1556 1372 in
1610 1325 1693 1374 ea
1739 1309 1893 1389 lege
1939 1311 2264 1389 ageretur
2314 1309 2396 1374 de
2445 1309 2889 1390 adscripticio
2938 1311 3012 1373 et

448 1426 703 1491 ancilla
750 1428 1170 1492 diversorum
1218 1427 1662 1509 dominorum,
1712 1427 1779 1491 id
1830 1427 2112 1508 quidem
2163 1427 2543 1508 dijudicare
2596 1443 2772 1509 opus
2820 1429 3011 1492 esset

446 1545 640 1625 cujus
687 1548 929 1610 essent
976 1545 1198 1628 liberi,
1249 1563 1386 1610 non
1437 1548 1674 1610 tamen
1725 1546 1920 1626 στήκει
1970 1549 2214 1611 status.

541 1661 731 1728 Satis
804 1664 1020 1746 igitur
1087 1666 1368 1729 constat
1415 1663 1902 1746 adscripticios
1949 1681 2086 1729 non
2136 1681 2378 1729 servos
2425 1663 2642 1728 fuisse
2670 1664 2743 1745 2).
2790 1662 3010 1727 11111110

452 1782 676 1847 6010111
739 1785 909 1846 611111
956 1799 1177 1865 aeque
1224 1799 1306 1847 ac
1353 1782 1495 1859 alii,
1548 1799 1971 1863 quamquam
2024 1782 2390 1848 deterioris
2438 1781 2885 1847 condicionis.
2933 1781 3010 1845 Id

452 1902 648 1981 patet
718 1917 807 1965 ex
856 1900 1007 1981 lege
1055 1900 1355 1981 quadam
1404 1901 1726 1980 ZenoniS,
1782 1901 1899 1965 ubi
1950 1901 2296 1966 statuitur
2345 1903 2424 1965 ut
2472 1899 2756 1982 domini,
2806 1899 3012 1980 siqui-

455 2000 608 2082 dem
680 2035 864 2083 unus
922 2035 1010 2083 ex
1059 2035 1298 2083 eorum
1346 2018 1812 2099 adscripticiis
1861 2019 2230 2101 episcopus
2278 2021 2558 2084 creatus
2605 2019 2722 2097 sit,
2771 2019 3011 2082 tamen

454 2136 837 2201 dominium
885 2154 1094 2201 suum
1144 2137 1501 2203 vindicare
1546 2137 1821 2218 possint
1871 2137 1999 2223 „ad
2050 2136 2583 2201 similitudinem
2620 2138 3013 2201 ceterorum

457 2253 896 2319 colonorum”
926 2251 995 2331 3).
1076 2255 1264 2320 Alibi
1345 2258 1823 2321 memorantur
1907 2256 2170 2340 „coloni
2254 2254 2742 2336 adscripticiae
2786 2254 3013 2319 condi·

453 2373 715 2438 cionis”
745 2368 813 2455 4).
864 2373 1224 2439 Interdum
1273 2374 1766 2456 adscripticius
1814 2376 1889 2439 et
1936 2373 2224 2439 colonus
2264 2374 2558 2439 alternis
2585 2375 3016 2453 usurpantur

453 2492 597 2557 sine
652 2492 1050 2557 discrimine
1078 2488 1148 2568 5).
1200 2492 1617 2573 Plerumque
1665 2494 1904 2574 itaque
1952 2493 2248 2558 credunt
2296 2493 2430 2557 viri
2482 2492 2670 2557 docti
2720 2494 3012 2572 utroque

453 2610 727 2674 nomine
800 2610 985 2675 idem
1054 2611 1448 2691 significari.
1521 2612 1787 2676 Extant
1855 2614 2095 2677 tamen
2169 2611 2353 2676 inter
2409 2610 2890 2692 adscripticios
2940 2612 3013 2674 et

453 2727 729 2793 colonos
775 2745 913 2793 non
962 2728 1217 2808 exigua
1265 2728 1689 2811 discrimina,
1739 2745 1917 2809 quae
1965 2730 2262 2811 probant
2310 2728 2629 2793 diversae
2677 2727 3012 2792 condicio·

454 2846 561 2911 nis
607 2846 1038 2912 mentionem
1085 2845 1233 2912 fieri
1280 2846 1613 2929 potuisse.
1668 2847 1856 2929 Quae
1904 2864 2187 2913 necesse
2219 2848 2355 2913 erit
2385 2847 2712 2929 deinceps
2738 2862 3013 2912 enume-

454 2981 601 3029 rare
646 2983 727 3029 ac
775 2967 1103 3030 tractare.

545 3085 600 3148 1.
653 3083 872 3148 Extat
919 3100 1251 3164 magnum
1299 3083 1667 3148 discrimen
1720 3084 1902 3164 quod
1928 3083 2192 3149 attinet
2216 3084 2302 3148 ad
2331 3083 2619 3149 dominii
2646 3084 3011 3148 rationem.

454 3201 657 3283 Apud
699 3201 979 3266 colonos
1019 3201 1427 3282 saepissime
1454 3201 1738 3266 dominii
1764 3219 2006 3267 eorum
2031 3202 2295 3267 mentio
2321 3201 2422 3283 fit,
2453 3201 2632 3283 quod
2660 3201 3011 3283 peculium

454 3319 865 3402 appellatur.
938 3320 1018 3384 In
1089 3337 1223 3401 quo
1296 3323 1535 3385 tamen
1607 3320 1673 3384 id
1747 3320 2452 3386 animadvertendum
2522 3323 2634 3385 est
2703 3336 2820 3385 eos
2885 3319 3012 3384 tali

456 3438 920 3519 appellatione
990 3438 1277 3503 minime
1352 3455 1512 3502 cum
1581 3439 1809 3503 servis
1864 3438 2275 3519 adaequari;
2326 3438 2589 3503 etenim
2638 3439 2853 3503 etiam
2902 3454 3013 3502 res

523 3744 560 3810 ι)
597 3745 659 3800 L.
697 3745 747 3800 7.
784 3743 845 3800 Ο.
879 3744 932 3800 J.
969 3744 1078 3800 XI.
1113 3744 1201 3800 48.
1238 3744 1753 3813 Quemadmodum
1791 3746 2139 3815 originarios
2173 3748 2398 3815 absque
2445 3748 2618 3816 terra,
2654 3747 2741 3802 ita
2759 3747 3018 3802 rusticos

459 3832 830 3901 censitosque
868 3846 1075 3887 servos
1112 3833 1290 3888 vendi
1327 3832 1705 3889 omnifariam
1745 3848 1865 3889 non
1902 3834 2063 3890 11661.

525 3919 564 3988 ²)
600 3919 673 3975 In
710 3920 814 3988 616,
850 3933 1007 3988 quae
1043 3923 1399 3990 sequuntur,
1436 3920 1619 3975 etiam
1656 3920 1829 3989 plura
1863 3920 2211 3976 discrimina
2246 3922 2564 3976 occurrent
2593 3921 2751 3976 inter
2765 3921 3017 3989 adscrip-

463 4006 628 4063 ticios
664 4009 728 4062 et
762 4021 983 4064 servos.

523 4095 563 4158 ⁸)
598 4094 659 4150 L.
696 4094 786 4150 36.
824 4094 883 4150 C.
920 4094 972 4148 J.
1009 4094 1054 4150 I.
1093 4095 1144 4149 3.
1181 4094 1479 4150 Jubemus
1514 4095 2027 4163 adscripticiorum
2047 4096 2380 4150 creationes
2397 4095 2733 4151 secundum
2752 4096 3018 4150 veterem

459 4182 968 4249 constitutionem,
1025 4181 1140 4236 nisi
1177 4181 1559 4237 dominorum
1595 4183 2062 4252 possessionum,
2102 4182 2263 4237 unde
2299 4182 2534 4237 oriundi
2571 4184 2735 4252 sunt,
2771 4181 3021 4236 evidens

459 4268 821 4324 concurrerit
875 4282 1227 4335 consensus,
1267 4268 1495 4324 nullius
1529 4269 1777 4338 penitus
1811 4283 1946 4325 esse
1981 4269 2291 4338 momenti,
2327 4269 2432 4324 sed
2468 4269 2659 4324 isdem
2696 4268 3021 4324 fundorum

459 4353 731 4425 dominis,
785 4357 888 4424 qui
942 4356 1247 4411 faciendae
1304 4356 1590 4412 creationi
1646 4371 1765 4412 11011
1820 4357 1980 4412 sicut
2027 4356 2256 4411 dictum
2305 4356 2402 4411 est
2436 4356 2744 4411 evidenter
2780 4369 3021 4410 consen·

460 4444 660 4514 serint,
688 4444 793 4511 jus
829 4444 1138 4512 proprium
1176 4443 1250 4500 ad
1287 4443 1748 4499 similitudinem
1785 4445 2120 4499 ceterorum
2159 4444 2505 4498 colonorum
2526 4443 2588 4497 in
2609 4456 2752 4498 suos
2770 4442 3021 4511 adscrip-

462 4528 628 4586 ticios
664 4531 1005 4586 exercendi.

527 4617 569 4686 ⁴)
605 4617 669 4673 L.
708 4618 791 4673 11.
830 4616 893 4673 C.
928 4618 982 4673 J.
1017 4617 1127 4672 ΠΙ.
1161 4618 1248 4674 38.

532 4703 570 4769 ⁸)
607 4704 668 4760 L.
721 4703 809 4758 23.
862 4704 921 4760 C.
975 4704 1028 4761 J.
1081 4704 1190 4760 XI.
1225 4704 1315 4760 48.
1351 4703 1500 4760 Cum
1537 4705 1686 4760 satis
1718 4705 2127 4761 inhumanum
2164 4705 2261 4760 est
2295 4705 2518 4760 terram
2553 4718 2707 4773 quae
2742 4704 2816 4759 ab
2852 4704 3024 4760 initio

475 4789 856 4861 adscripticios
910 4792 1168 4848 habebat
1218 4792 1347 4847 suis
1400 4792 1837 4861 quodammodo
1890 4792 2178 4848 membris
2221 4789 2573 4860 defraudari,
2609 4792 2672 4847 et
2705 4790 2927 4847 colonos
2959 4791 3025 4847 in

479 4875 605 4932 aliis
638 4877 812 4934 terris
848 4879 1233 4936 demorantes
1259 4879 1533 4936 dominos
1557 4881 1749 4935 161166
1773 4880 2058 4936 maximis
2082 4879 2320 4935 damnis
2341 4877 2594 4948 afficere,
2618 4892 2966 4935 661166111116.
2982 4919 3023 4939 ..
