3770 5738
714 518 759 563 X

706 709 1026 763 parvorum
1096 709 1375 763 agrorum
1446 710 1483 751 a
1547 695 1752 752 liberis
1821 696 2172 753 hominibus
2223 696 2577 766 singillatim
2631 698 2981 754 exercitata.
3033 713 3088 767 p.
3142 699 3261 754 112.

707 781 957 838 Cultura
992 783 1340 838 colonorum
1378 783 1561 838 etiam
1596 784 1925 839 commodis
1960 784 2347 840 coartationis
2381 784 2498 840 frui
2534 786 2788 853 poterat.
2822 799 2878 853 p.
2918 785 3035 841 113.
3073 786 3263 841 Labor

708 884 1017 925 servorum
1054 884 1290 939 semper
1327 870 1656 927 damnosus
1689 873 1800 927 est.
1836 886 1892 940 p.
1931 872 2049 927 113.
2088 872 2245 939 Quas
2264 873 2337 928 ob
2358 886 2573 927 causas
2596 873 2800 927 tamen
2819 873 2872 927 is
2891 872 3260 941 aliquamdiu

708 957 1008 1013 culturam
1057 959 1406 1014 colonorum
1454 973 1563 1027 ope
1600 959 1931 1015 exercitam
1967 959 2356 1028 superaverit.
2390 974 2446 1027 p.
2485 960 2601 1015 114.
2641 960 2807 1015 Servi
2845 960 3061 1015 militia
3096 975 3260 1016 vaca·

707 1045 869 1100 bant.
922 1059 975 1113 p.
1034 1045 1152 1101 115.
1206 1045 1375 1101 Servi
1428 1060 1610 1114 parvo
1664 1046 1858 1114 pretio
1914 1046 2196 1115 poterant
2251 1047 2576 1114 comparari
2632 1042 2695 1101 et
2729 1046 2825 1102 ali.
2861 1061 2916 1115 p.
2955 1048 3071 1103 115.
3131 1047 3260 1103 Hae

707 1146 922 1187 causae
975 1147 1228 1202 magnae
1281 1133 1557 1188 culturae
1610 1133 2031 1189 dilabebantur
2082 1134 2278 1189 aetate
2333 1133 2763 1201 imperatoriae.
2816 1148 2872 1202 p.
2909 1135 3030 1189 115.
3081 1134 3260 1190 Haud

707 1220 899 1288 magis
951 1234 1134 1288 quam
1169 1220 1332 1276 labor
1377 1234 1687 1276 servorum
1748 1235 1843 1276 res
1879 1221 2156 1289 pecuaria
2207 1221 2271 1277 in
2308 1220 2485 1276 Italia
2535 1235 2747 1276 omnes
2784 1236 2958 1291 agros
2994 1222 3262 1278 desertos

706 1307 981 1362 reddidit.
1017 1323 1075 1376 p.
1128 1308 1246 1363 116.
1285 1308 1436 1376 Quid
1472 1308 1720 1364 tandem
1762 1308 2127 1377 spectaverit
2163 1307 2396 1363 Plinius
2432 1308 2616 1378 Maj0r
2651 1311 2908 1378 questus
2944 1309 3263 1365 latifundia

707 1393 947 1450 Italiam
984 1395 1327 1463 perdidisse.
1363 1410 1419 1464 p.
1456 1395 1575 1451 118.

708 1597 981 1691 Caput
1027 1597 1160 1670 111.
1209 1695 1215 1702 Ι
1254 1602 1353 1668 De
1401 1562 1769 1687 colonatus
1810 1604 2076 1685 origine
2127 1653 2935 1671 ........
2987 1623 3050 1685 p.
3107 1604 3257 1671 119.

779 1805 940 1874 Quae
993 1807 1268 1874 quaestio
1319 1808 1537 1874 agatur
1587 1808 1648 1862 in
1705 1808 2022 1863 colonatus
2063 1808 2305 1877 origine.
2341 1823 2397 1877 p.
2436 1809 2538 1864 119
2592 1809 2820 1876 Quibus
2855 1809 3035 1865 rebus
3070 1808 3263 1864 coloni

708 1893 771 1948 in
825 1891 1081 1948 saltibus
1132 1892 1404 1949 collocati
1458 1894 1738 1950 differant
1790 1896 1863 1950 ab
1922 1896 2025 1964 eis,
2079 1910 2336 1964 quorum
2382 1896 2488 1962 jus
2537 1896 2600 1951 in
2651 1895 2913 1964 Digestis
2949 1898 3264 1951 tractatur.

706 1995 762 2049 p.
824 1980 1115 2035 120-147.
1175 1996 1228 2035 a.
1280 1980 1516 2037 Vivunt
1564 1982 1678 2037 sub
1731 1983 2027 2039 locatione
2081 1983 2376 2052 partiaria.
2429 1997 2485 2051 p.
2540 1984 2658 2038 120.
2713 1984 2863 2051 Quid
2917 1998 2995 2038 ex
3049 1984 3161 2038 hac
3200 1997 3261 2038 re

706 2068 1011 2137 collegerit
1062 2068 1269 2125 Fustel
1322 2070 1395 2126 de
1443 2070 1793 2139 Coulanges.
1826 2087 1882 2141 p.
1921 2072 2038 2127 121.
2078 2073 2239 2140 Quae
2275 2071 2417 2127 huic
2452 2072 2714 2140 opinioni
2751 2072 3014 2127 obstent.
3050 2086 3105 2140 p.
3144 2072 3262 2126 122.

709 2155 938 2222 Quibus
995 2157 1174 2212 rebus
1225 2157 1473 2213 colonus
1525 2159 1848 2226 partiarius
1900 2160 1953 2214 ei
2009 2158 2233 2227 colon0,
2286 2160 2389 2227 qui
2445 2159 2519 2214 ad
2574 2174 2858 2215 nummos
2912 2159 3264 2215 numeratos

708 2243 1017 2313 conduxit,
1052 2243 1294 2299 inferior
1329 2245 1425 2300 sit.
1461 2260 1515 2313 p.
1554 2245 1672 2301 123.
1710 2246 1759 2300 b.
1795 2246 1977 2302 Deest
2011 2246 2112 2302 lex
2145 2246 2476 2311 locationiS‚
2511 2246 2575 2302 in
2614 2247 2789 2314 cuius
2825 2246 2954 2302 loco
2974 2245 3137 2302 valet
3160 2245 3260 2302 lex

707 2330 919 2385 saltus.
975 2347 1030 2399 p.
1089 2332 1206 2386 125.
1258 2332 1419 2400 Quae
1473 2333 1823 2401 hujusmodi
1876 2334 2031 2402 legis
2064 2334 2353 2389 instituta
2388 2335 2529 2388 sint.
2569 2348 2625 2402 p.
2666 2333 2782 2388 126.
2820 2333 3047 2401 Quibus
3083 2334 3263 2388 rebus

708 2418 1020 2486 occupatio
1074 2419 1240 2474 rudis
1293 2420 1418 2488 agri
1462 2420 1698 2476 differat
1734 2422 1805 2476 ab
1844 2422 2245 2491 emphyteusi.
2282 2435 2337 2489 p.
2377 2421 2494 2476 127.
2533 2421 2694 2489 Quae
2731 2421 2813 2475 sit
2846 2420 3078 2476 indoles
3113 2420 3263 2488 legis

708 2504 922 2560 saltuS.
972 2520 1026 2575 p.
1080 2507 1198 2579 129.
1251 2524 1296 2563 c.
1352 2508 1640 2564 Praebere
1694 2509 1916 2564 debent
1968 2523 2176 2577 operas
2228 2509 2292 2563 et
2338 2509 2503 2577 juga.
2550 2523 2606 2577 p.
2643 2508 2762 2564 130.
2800 2507 3028 2575 Quibus
3065 2508 3263 2563 causis

709 2606 920 2660 operae
972 2592 1223 2650 diurnae
1276 2595 1541 2651 adhiberi
1595 2596 1848 2651 soleant.
1900 2611 1956 2665 p.
2012 2596 2126 2651 130.
2178 2595 2481 2664 Quomodo
2518 2597 2681 2651 ortae
2718 2596 2945 2650 sintin
2982 2595 3266 2650 Borussia

710 2679 950 2735 saeculo
990 2682 1401 2749 praecedente.
1435 2698 1493 2752 p.
1527 2684 1647 2739 131.
1683 2683 1891 2739 Simile
1928 2684 2071 2752 quid
2105 2683 2365 2739 inveniri
2399 2683 2462 2739 in
2499 2683 2800 2739 industria
2832 2682 2905 2738 ad
2943 2698 3039 2738 res
3075 2696 3261 2738 manu

684 2765 1010 2823 faciendas
1066 2771 1423 2838 pertinente.
1480 2786 1534 2840 p.
1589 2771 1708 2827 133.
1764 2771 2096 2827 Conclusio.
2151 2787 2207 2841 p.
2263 2771 2379 2826 134.
2433 2772 2653 2828 Aetate
2706 2771 3088 2840 imperatoria
3139 2770 3264 2838 agri

708 2855 1088 2913 deseruntur.
1146 2872 1201 2927 p.
1256 2859 1374 2914 135.
1432 2857 1592 2926 Quae
1645 2874 1863 2916 causae
1920 2858 2148 2916 fuerint
2197 2860 2611 2929 emigrationis
2662 2859 2727 2915 in
2785 2859 2981 2915 urbes,
3034 2873 3087 2927 p.
3146 2857 3263 2914 135.

708 2943 1236 3003 Frumentationes
1294 2947 1518 3003 Romae
1570 2948 1829 3003 habitae.
1876 2963 1932 3017 p.
1971 2948 2086 3003 135.
2127 2948 2430 3004 Clientela.
2466 2963 2523 3017 p.
2557 2947 2674 3003 136.
2711 2946 2942 3003 Similia
2975 2946 3265 3002 instituta

707 3029 1242 3102 Constantinopoli,
1296 3035 1671 3104 Antiochiae,
1709 3035 2129 3091 Alexandriae.
2163 3050 2219 3104 p.
2256 3036 2372 3091 137.
2411 3035 2561 3091 Ludi
2597 3035 2754 3090 festi.
2789 3050 2845 3103 p.
2883 3034 3000 3090 138.
3037 3033 3260 3088 Immu-

705 3121 869 3175 nitas
904 3120 1286 3189 capitationis
1320 3137 1439 3191 qua
1475 3122 1643 3191 plebs
1679 3124 1911 3179 urbana
1945 3123 2273 3179 fruebatur.
2310 3138 2365 3192 p.
2403 3123 2523 3179 138.
2561 3122 2698 3179 Loci
2736 3121 2808 3176 de
2844 3121 3045 3190 inopia
3065 3134 3261 3189 opera·

706 3208 931 3264 riorum
967 3209 1335 3265 rusticorum
1371 3209 1435 3264 et
1472 3211 1630 3279 agris
1665 3211 1940 3266 desertis
1973 3226 2028 3280 p.
2069 3210 2185 3266 138.
2224 3211 2308 3266 De
2345 3209 2837 3266 collocationibus
2873 3209 3261 3263 barbarorum

705 3295 769 3350 in
823 3295 949 3351 solo
1004 3295 1291 3351 Romano.
1326 3311 1382 3365 p.
1419 3296 1535 3352 139.
1572 3297 1737 3352 Nihil
1771 3298 2080 3365 pertinent
2113 3297 2188 3352 ad
2226 3297 2545 3353 colonatus
2581 3296 2891 3365 originem.
2928 3309 2983 3363 p.
3023 3295 3140 3349 140.
3179 3294 3264 3349 De

707 3396 864 3438 nova
916 3382 1189 3439 culturae
1244 3384 1476 3439 ratione
1528 3385 1593 3439 in
1650 3385 1923 3440 saltibus
1971 3400 2025 3454 p.
2064 3386 2180 3440 141.
2219 3384 2303 3440 De
2339 3385 2536 3454 operis
2573 3383 2823 3438 diurniS.
2861 3396 2916 3450 p.
2956 3382 3074 3437 142.
3112 3381 3264 3449 Quid

707 3469 1052 3525 colonorum
1111 3471 1522 3527 Romanorum
1575 3486 1812 3541 semper
1864 3472 2162 3541 peculiare
2221 3471 2416 3528 fuerit.
2473 3487 2525 3541 p.
2564 3471 2682 3526 144.
2734 3469 2911 3525 Unde
2949 3483 3264 3538 operarum

707 3556 958 3612 formam
1016 3558 1391 3627 sumpserint
1440 3573 1830 3628 possessores.
1885 3574 1941 3629 p.
1996 3560 2113 3614 146.
2158 3559 2286 3627 Qua
2320 3573 2384 3615 re
2421 3560 2483 3614 hi
2518 3558 2713 3614 coloni
2751 3557 2950 3612 adhuc
2986 3555 3266 3612 differant

708 3645 781 3700 ab
837 3644 1322 3700 adhaerentibus
1375 3660 1426 3714 p.
1484 3647 1603 3702 147.
1640 3647 1908 3715 Quorum
1942 3647 2134 3715 gratia
2179 3647 2571 3702 adhaerentia
2604 3646 2669 3700 in
2696 3646 2804 3714 jus
2840 3643 3148 3713 publicum
3185 3643 3269 3698 sit

708 3733 961 3799 recepta.
1016 3748 1072 3802 p.
1129 3734 1247 3789 149.
1304 3733 1373 3788 In
1428 3734 1813 3790 commodum
1865 3749 2302 3804 possessorum.
2344 3749 2401 3803 p.
2437 3734 2556 3789 150.
2591 3733 2665 3788 In
2702 3732 3086 3788 commodum
3120 3730 3270 3786 fisci.

706 3834 762 3888 p.
818 3820 937 3875 151.
993 3820 1306 3889 Nusquam
1363 3821 1583 3878 dicitur
1634 3821 2024 3877 adhaerentia
2075 3835 2209 3877 esse
2256 3822 2320 3877 in
2356 3820 2740 3878 commodum
2782 3816 3268 3888 „agriculturae”.

706 3921 761 3977 p.
802 3907 917 3963 152.
956 3907 1116 3976 Quae
1152 3909 1386 3977 propria
1420 3909 1571 3965 ratio
1606 3910 1687 3965 sit
1720 3909 2161 3965 adhaerentiae.
2197 3923 2254 3977 p.
2292 3908 2411 3964 153.
2431 3907 2620 3976 Quam
2642 3907 2716 3963 ob
2736 3920 2982 3962 causam
3001 3905 3267 3974 praestet

710 3996 1176 4066 „agriculturae”
1224 3997 1543 4052 enuntiato
1578 3997 1898 4053 abstinere.
1933 4012 1985 4065 p.
2028 3997 2146 4052 154.
2184 3996 2336 4064 Quid
2371 3995 2761 4064 imperatores
2795 3992 3159 4062 permoverit
3192 3991 3265 4045 ad

706 4084 832 4139 vim
906 4079 1262 4152 reipublicae
1334 4083 1702 4140 afferendam
1777 4099 1832 4153 p.
1889 4085 2007 4140 155.
2063 4084 2398 4153 Imperator
2450 4082 2724 4138 omnium
2778 4081 3085 4136 maximus
3139 4081 3265 4134 erat

706 4186 1027 4241 possessor.
1082 4187 1137 4241 p.
1194 4173 1312 4227 155.
1367 4171 1578 4228 Fiscus
1630 4173 1741 4229 hoc
1795 4173 2064 4240 tempore
2117 4172 2277 4227 idem
2326 4172 2423 4226 est
2457 4184 2522 4225 ac
2561 4170 2879 4226 aerarium.
2913 4183 2968 4237 p.
3007 4168 3123 4223 156.
3181 4166 3267 4222 De

703 4259 935 4315 ratione
973 4259 1353 4315 tributorum.
1392 4274 1444 4328 p.
1485 4259 1603 4315 157.
1640 4259 1725 4315 De
1761 4258 2219 4329 conscriptionis
2249 4257 2425 4313 modo
2443 4256 2517 4311 ad
2537 4255 2993 4311 adhaerentiam
3015 4253 3267 4310 fortasse

707 4346 1068 4415 pertinente.
1122 4362 1176 4416 p.
1234 4347 1348 4401 159.
1403 4346 1563 4403 Sunt
1615 4347 1718 4416 qui
1772 4348 1996 4415 putent
2046 4345 2500 4401 adhaerentiam
2534 4344 2598 4399 in
2635 4343 2832 4399 saltus
2869 4341 3269 4411 imperatoriis

706 4433 970 4501 primum
1024 4434 1453 4502 proclamatam
1508 4449 1659 4490 esse.
1714 4448 1767 4502 p.
1826 4434 1945 4489 160.
2000 4433 2160 4501 Quae
2214 4432 2356 4488 huic
2410 4432 2675 4501 opinioni
2724 4430 2988 4486 obstent.
3040 4444 3096 4498 p.
3151 4428 3269 4483 162.

706 4519 1118 4576 Adhaerentia
1169 4520 1422 4577 fortasse
1469 4522 1605 4590 iure
1657 4522 1908 4590 privam,
1960 4536 2066 4590 per
2114 4519 2475 4576 locationem
2528 4518 2882 4588 perpetuam
2925 4513 3269 4584 extorqueri

707 4607 958 4676 poterat.
1005 4622 1059 4676 p.
1099 4608 1214 4663 163.
1255 4609 1557 4675 Quomodo
1595 4623 1974 4679 possessores
2005 4623 2138 4663 eam
2179 4607 2359 4662 tutat-i
2398 4607 2538 4662 sint.
2575 4621 2630 4675 p.
2670 4606 2785 4660 164.
2842 4603 2995 4659 Aliis
3030 4616 3269 4670 quoque

708 4695 1079 4761 temporibus
1129 4696 1496 4765 praescripta
1541 4697 1698 4762 juris
1753 4696 1969 4765 privati
2017 4696 2154 4762 jure
2212 4693 2450 4763 publico
2507 4693 2810 4748 vindicata
2855 4691 3017 4746 sunt.
3056 4703 3110 4757 p.
3152 4689 3268 4746 165.

706 4780 1119 4838 Adhaerentia
1171 4797 1291 4838 non
1341 4784 1476 4850 jure
1533 4783 1792 4851 quodam
1837 4783 2173 4838 constituta
2208 4783 2318 4848 est,
2357 4780 2459 4836 sed
2497 4781 2573 4835 vi.
2611 4794 2666 4848 p.
2706 4778 2823 4834 168.
2860 4778 3042 4833 Initio
3078 4775 3269 4831 coloni

704 4868 941 4937 fugitivi
996 4871 1465 4939 magistratuum
1525 4885 1634 4940 ope
1671 4870 2130 4938 reducebantur,
2167 4873 2374 4939 postea
2415 4868 2660 4924 demum
2699 4864 3089 4922 adhaerentia
3123 4864 3270 4931 ipsis
