3770 5738
2002 511 2129 575 106

771 707 1070 772 caeteris
1117 708 1346 789 rebuS,
1395 709 1550 773 tum
1598 708 1904 774 maxime
1951 709 2021 773 in
2071 707 2490 773 hominibus,
2565 707 2802 789 Atque
2850 707 2920 772 hi
2969 707 3071 772 vel
3115 707 3329 771 colom·

773 825 884 889 vel
957 826 1144 890 servi
1215 828 1404 907 sunt,
1468 825 1683 890 soluti
1754 830 1881 891 aut
1929 827 2173 891 vincti.
2251 825 2556 891 Comiter
2619 829 2786 906 agat
2832 843 2990 890 cum
3041 824 3326 907 coloniS,

769 943 1182 1025 facilemque
1256 960 1331 1008 se
1401 945 1752 1027 praebeat,
1826 948 1902 1010 et
1969 944 2255 1010 avarius
2332 961 2508 1026 opus
2578 945 2818 1025 exigat
2889 960 3098 1025 quam
3168 960 3329 1024 pen-

770 1061 1044 1142 siones}
1108 1062 1435 1142 quoniam
1506 1064 1579 1126 et
1645 1062 1879 1127 minus
1942 1063 2009 1127 id
2060 1062 2351 1127 offendit
2399 1066 2473 1127 et
2519 1064 2757 1127 tamen
2798 1063 2865 1127 in
2895 1062 3326 1128 ‘universum

771 1180 993 1259 magis
1063 1181 1368 1260 prodest.
1465 1180 1644 1245 Nam
1708 1182 1827 1246 ubi
1875 1180 2119 1245 sedulo
2172 1179 2427 1245 colitur
2472 1197 2657 1262 ager,
2699 1182 3106 1261 plerumque
3154 1196 3330 1244 com·

770 1297 1123 1378 pendium,
1174 1315 1533 1378 nunquam
1584 1298 1747 1380 (nisi
1793 1299 1853 1363 si
1881 1298 2056 1363 caeli
2082 1298 2304 1379 major
2328 1299 2438 1364 vis
2462 1302 2590 1363 aut
2615 1299 2985 1380 praedonis
3008 1297 3330 1380 incessit)

771 1415 1276 1480 detrimentum
1323 1415 1550 1496 affert,
1599 1432 1817 1497 eoque
1852 1416 2335 1481 remissionem
2360 1416 2647 1481 colonus
2671 1419 2909 1497 petere
2932 1433 3066 1481 non
3095 1416 3330 1480 audet.

769 1531 903 1598 Sed
975 1551 1101 1598 nec
1171 1534 1496 1599 dominus
1566 1535 1635 1598 in
1710 1552 2125 1616 unaquaque
2191 1552 2286 1610 re,
2359 1535 2470 1599 cui
2519 1534 2841 1599 colonum
2892 1533 3331 1615 obligaverit,

772 1655 988 1716 tenax
1060 1669 1212 1717 esse
1275 1652 1456 1732 juris
1526 1652 1638 1717 sui
1708 1653 1936 1734 debet,
2012 1653 2200 1719 sicut
2262 1653 2334 1717 in
2400 1652 2648 1717 diebus
2721 1653 3199 1733 pecuniarum,
3249 1654 3333 1716 ut

771 1769 980 1850 lignis
1048 1773 1121 1834 et
1188 1770 1486 1835 caeteris
1537 1771 1776 1852 parvis
1822 1770 2341 1836 accessionibus
2388 1770 2773 1852 exigendis,
2823 1787 3116 1850 quarum
3166 1787 3333 1835 cura

771 1888 1104 1969 majorem
1176 1888 1570 1953 molestiam
1618 1906 1829 1969 quam
1876 1890 2268 1970 impensam
2317 1889 2605 1953 rusticis
2652 1889 2879 1953 affert.
2973 1888 3116 1953 Nec
3163 1905 3333 1952 sane

770 2009 882 2071 est
931 2006 1430 2071 vindicandum
1478 2008 1678 2072 nobis
1731 2007 2066 2088 quidquid
2116 2007 2299 2072 licet.
2344 2007 2522 2072 Nam
2547 2023 2901 2072 summum
2918 2005 3037 2087 jns
3062 2006 3335 2086 antiqui

769 2142 1118 2190 summam
1171 2126 1519 2206 putabant
1566 2142 1862 2190 crucem.
1912 2125 2056 2191 Nec
2105 2142 2349 2190 rursus
2396 2126 2468 2190 in
2516 2128 2748 2189 totum
2789 2124 3335 2204 remittendum;

771 2244 1098 2324 quoniam
1181 2243 1294 2308 vel
1368 2244 1633 2324 optima
1680 2245 1964 2309 nomina
2012 2261 2147 2309 non
2199 2242 2613 2326 appellando
2661 2243 2809 2307 fieri
2858 2243 3065 2324 mala,
3114 2243 3337 2308 foene-

771 2363 965 2426 rator
1033 2361 1336 2442 Alphius
1404 2362 1666 2427 dixisse
1738 2361 2104 2427 verissime
2174 2361 2418 2427 fertur.
2513 2359 2646 2425 Sed
2718 2363 2793 2425 et
2863 2360 3013 2441 ipse
3082 2362 3335 2425 nostra

772 2480 1108 2544 memoria
1160 2482 1473 2545 veterem
1522 2480 1965 2545 consularem
1991 2480 2359 2560 virumque
2385 2480 2996 2561 opulentissimum
3022 2479 3096 2544 L.
3126 2479 3337 2545 Volu-

774 2597 960 2663 sium
1023 2602 1551 2663 asseverantem
1599 2599 1838 2663 audivi
1889 2589 2111 2678 patris
2154 2598 2459 2663 familias
2505 2598 2992 2663 felicissimum
3039 2598 3337 2663 fundum

773 2733 927 2781 esse
975 2716 1093 2797 qui
1142 2716 1403 2781 colonos
1448 2718 1799 2799 indiqenas
1846 2717 2142 2781 haberet
2187 2719 2260 2781 et
2283 2719 2625 2796 tanquam
2655 2717 2725 2781 in
2752 2719 3046 2797 paterna
3070 2732 3339 2797 posses·

763 2834 959 2900 sione
1021 2837 1248 2916 natOS,
1288 2834 1438 2916 jam
1485 2835 1645 2900 inde
1686 2852 1728 2900 a
1775 2835 2144 2901 cunabulis
2189 2834 2397 2917 longa
2441 2834 2925 2900 familiaritate
2972 2834 3335 2901 retineret·

764 2953 874 3017 Ita
945 2956 1134 3018 certe
1206 2970 1362 3018 mea
1430 2954 1569 3018 fert
1642 2954 1876 3035 opinio
1940 2971 2091 3019 rem
2160 2953 2417 3018 malam
2467 2970 2623 3018 esse
2675 2953 3116 3033 frequentem
3165 2954 3340 3019 1003-

765 3071 1029 3136 tionem
1075 3071 1305 3137 fundi:
1355 3071 1662 3154 pejorem
1708 3075 1946 3137 tamen
1973 3073 2322 3136 urbanum
2357 3071 2680 3137 colonum
2707 3072 2825 3151 qui
2853 3088 2976 3153 per
3000 3071 3341 3137 familiam

773 3190 1049 3255 mavult
1094 3206 1343 3271 agrum
1389 3207 1598 3272 quam
1646 3207 1768 3271 per
1814 3207 1891 3255 se
1939 3190 2183 3255 colere.
2233 3189 2533 3255 Saserna
2580 3188 2858 3254 dicebat
2880 3189 2969 3254 ab
2993 3190 3337 3272 ejusmodi

763 3309 1041 3373 homine
1087 3308 1233 3373 fere
1281 3326 1405 3391 pro
1454 3309 1770 3373 mercede
1818 3309 2017 3373 litem
2064 3308 2282 3391 reddi,
2333 3312 2620 3390 propter
2661 3308 2841 3387 quod
2870 3325 3151 3388 operam
3176 3309 3338 3373 dan·

767 3426 927 3491 dam
977 3442 1132 3491 esse
1180 3429 1262 3490 ut
1314 3429 1386 3491 et
1434 3426 1738 3491 rusticos
1788 3429 1862 3491 et
1902 3427 2181 3491 eosdem
2229 3426 2551 3490 assiduos
2576 3426 2859 3492 colonos
2882 3427 3337 3507 retineamuS,

765 3538 925 3610 cum
972 3546 1098 3609 aut
1138 3544 1489 3610 nobismet
1545 3545 1715 3626 ipsis
1763 3562 1901 3608 non
1951 3544 2254 3625 licuerit,
2302 3545 2430 3608 aut
2476 3560 2599 3624 per
2647 3544 3066 3609 domesticos
3114 3544 3339 3610 colere

763 3679 897 3728 non
965 3662 1393 3743 expedierit:
1444 3663 1624 3744 quod
1677 3668 1916 3727 tamen
1965 3679 2102 3727 non
2153 3663 2415 3744 evenit,
2470 3662 2609 3726 nisi
2658 3663 2729 3727 in
2779 3662 2889 3726 his
2938 3634 3338 3743 regionibus

763 3797 940 3860 quae
1007 3780 1362 3862 gravitate
1410 3781 1584 3846 caeli
1633 3781 1902 3861 solique
1951 3780 2335 3846 sterilitate
2384 3782 2765 3845 vastantur
2791 3776 2872 3863 ¹).
2966 3780 3339 3846 Caeterum

760 3915 921 3963 cum
969 3898 1338 3964 mediocris
1398 3900 1603 3965 adest
1650 3901 1724 3964 et
1771 3899 2177 3981 salubritaS,
2228 3902 2303 3963 et
2347 3902 2577 3964 terrae
2624 3880 2926 3982 bonitaS,
2976 3916 3337 3979 nunquam

759 4034 898 4082 non
971 4033 1059 4081 ex
1128 4033 1294 4099 agro
1348 4018 1508 4099 plus
1553 4035 1685 4083 sua
1733 4017 1983 4098 cuique
2032 4034 2197 4083 01113
2251 4017 2560 4083 reddidit
2606 4034 2818 4099 quam
2866 4017 3114 4093 coloni,
3161 4035 3332 4083 nun-

759 4152 970 4215 quam
1018 4152 1155 4201 non
1205 4137 1421 4201 etiam
1472 4135 1715 4217 villici,
1761 4135 1896 4200 nisi
1949 4135 2008 4200 si
2040 4136 2349 4200 maxima
2396 4137 2506 4201 vel
2533 4135 2976 4217 neglegentia
3002 4136 3191 4201 servi
3217 4137 3330 4202 vel

757 4255 1108 4335 rapacitas
1177 4253 1587 4319 intervenit.
1684 4254 1872 4336 Quae
1943 4256 2242 4335 utraque
2315 4256 2602 4335 peccata
2671 4255 3082 4336 plerumque
3154 4255 3331 4321 vitio

755 4372 1018 4437 domini
1087 4373 1197 4437 vel
1272 4372 1622 4438 committi
1695 4372 1808 4436 vel
1859 4372 2106 4453 foveri,
2158 4373 2332 4437 nihil
2384 4372 2673 4438 dubium
2720 4376 2860 4438 est:
2912 4390 3073 4437 cum
3119 4372 3328 4439 liceat

754 4493 881 4555 aut
950 4507 1200 4556 cavere
1275 4506 1363 4555 ne
1410 4490 1577 4555 talis
1624 4489 2071 4570 praeficiatur
2121 4491 2422 4571 negotio,
2471 4493 2597 4557 aut
2655 4490 2806 4572 jam
2859 4492 3328 4573 praeposituS,

759 4611 840 4673 ut
909 4610 1415 4674 submoveatur
1494 4625 1756 4673 curare.
1851 4609 1937 4673 In
2006 4609 2387 4691 lonqinquis
2462 4612 2681 4674 tamen
2725 4610 2984 4691 fundis,
3035 4610 3103 4673 in
3154 4626 3329 4689 quos

826 4767 866 4830 ¹)
901 4765 1107 4822 Varro.
1161 4766 1234 4822 de
1280 4780 1342 4821 re
1379 4767 1532 4821 rust.
1566 4766 1614 4821 Ι.
1651 4766 1734 4821 17.
1770 4766 1822 4821 2.
1859 4766 1946 4821 De
1981 4766 2203 4835 quibus
2239 4766 2544 4823 universis
2579 4766 2693 4822 1100
2731 4765 2887 4822 dico:
2928 4765 3150 4823 Gravia
3190 4766 3328 4823 loca

761 4851 973 4908 utilius
1010 4867 1143 4909 esse
1180 4853 1564 4909 mercenariis
1601 4853 1791 4909 colere
1830 4868 2013 4922 quam
2050 4853 2259 4909 servis
