3770 5738
1688 519 1773 588 55

438 722 694 786 tuente
743 724 826 786 ut
875 737 966 785 ex
1013 721 1378 801 inquilinis
1425 724 1500 786 et
1546 720 1810 785 colonis
1849 719 2193 800 procreati
2233 735 2507 800 semper
2533 718 3009 783 condicionem

446 841 817 920 paternam
889 842 1277 919 sequantur
1347 840 1497 903 sive
1549 841 1842 919 uterque
1894 838 2046 901 sive
2095 838 2344 901 neuter
2394 853 2645 917 parens
2694 836 3008 901 censitus

448 953 644 1038 sit1).
704 957 1028 1022 Movetur
1076 975 1261 1022 nunc
1311 958 1650 1038 quaestio,
1698 957 1809 1021 cui
1860 956 2129 1020 tributo
2179 955 2459 1019 obnoxii
2508 954 2773 1019 suerint
2825 954 3005 1035 quod

452 1093 702 1140 nomen
774 1076 878 1141 eis
953 1076 1115 1141 dare
1187 1078 1445 1157 posset.
1520 1075 1938 1155 Plerumque
2009 1074 2317 1138 creditur
2357 1074 2703 1137 tributum
2754 1073 3008 1153 capitis

452 1194 565 1258 hic
639 1194 1091 1274 cogitandum
1161 1210 1315 1258 esse
1343 1190 1414 1275 ²),
1482 1193 1603 1257 sed
1677 1195 1758 1257 ut
1806 1192 1990 1256 infra
2041 1191 2433 1255 videbimus
2482 1192 2610 1255 hoc
2656 1207 2698 1253 a
2745 1191 3009 1255 colonis

451 1312 538 1376 ad
613 1329 831 1376 unum
903 1313 1227 1377 omnibus
1297 1311 1784 1377 conferebatur
1809 1305 1881 1387 3).
1950 1310 2289 1374 Attamen
2363 1310 2492 1373 hoo
2563 1310 2849 1373 unicum
2899 1311 3009 1373 est

456 1431 827 1511 tributum,
878 1431 988 1495 cui
1035 1431 1165 1511 ipsi
1218 1447 1339 1512 per
1388 1446 1461 1494 se
1510 1429 1792 1494 obnoxii
1841 1431 2034 1507 sunt,
2084 1432 2363 1509 praeter
2408 1427 2677 1492 scilicet
2725 1444 2842 1492 eos
2891 1427 3006 1508 qui

450 1548 661 1628 juxta
689 1565 934 1629 agrum
965 1548 1388 1613 conductum
1416 1549 1694 1629 propria
1718 1547 2158 1629 possessione
2185 1546 2517 1610 fruuntur
2541 1567 2555 1627 ;
2582 1546 2652 1610 hi
2681 1545 3012 1610 dicuntur

462 1667 866 1750 „conscripti
940 1667 1135 1731 libris
1208 1667 1655 1731 censualibus
1681 1660 1751 1747 4).
1824 1665 2297 1746 Adscripticii,
2370 1665 2470 1730 sic
2540 1667 2895 1746 expectaS,
2961 1664 3008 1728 ii

461 1788 669 1849 erunt
718 1785 836 1865 qui
880 1785 1093 1866 juxta
1139 1784 1328 1850 aliud
1379 1785 1543 1865 quid
1594 1785 1916 1865 inscripti
1966 1786 2171 1865 sunt;
2222 1788 2433 1865 atque
2487 1784 2657 1847 haec
2705 1783 3009 1863 suspicio

458 1903 908 1968 confirmatur
976 1921 1191 1985 quum
1262 1904 1477 1968 semel
1528 1903 1823 1983 legimus
1878 1903 2154 1984 „alienis
2201 1901 2527 1966 censibus
2574 1900 3009 1981 adscriptos'’

457 2022 688 2086 vocari
716 2019 787 2098 5).
839 2021 1038 2087 Alios
1087 2023 1245 2086 illos
1276 2025 1538 2101 autem,
1572 2021 1644 2086 in
1672 2039 1969 2100 quorum
1995 2038 2248 2085 census
2271 2020 2428 2084 albo
2454 2021 2624 2084 sunt
2648 2018 3009 2099 adscripti,

456 2156 739 2204 necesse
787 2144 898 2204 est
944 2141 1161 2205 fuisse
1210 2157 1449 2205 eorum
1500 2140 1837 2205 dominos.
1890 2139 2306 2220 Exemplum
2354 2138 2690 2202 habemus
2738 2138 2808 2202 in
2854 2137 3010 2202 albo

458 2258 758 2338 quodam
805 2275 1057 2323 census
1104 2259 1337 2340 oppidi
1386 2259 1670 2339 Therae,
1720 2258 1900 2339 quod
1949 2257 2191 2321 laudat
2243 2257 2380 2322 Lao
2408 2252 2477 2335 6).
2535 2256 2698 2339 „Die
2747 2255 3009 2320 Anord·

451 2393 644 2455 nung
706 2375 1066 2441 derselben
1120 2377 1213 2440 ist
1258 2377 1369 2441 die
1417 2376 1765 2458 folgende:
1813 2376 2172 2440 Zunachst
2219 2374 2414 2439 steht
2460 2374 2579 2438 der
2627 2373 2847 2438 Name
2891 2374 3012 2439 des

451 2493 986 2573 Eigenthtimers
1060 2496 1525 2577 verzeichnet,
1597 2495 1753 2559 dem
1828 2494 1938 2558 die
2002 2481 2881 2575 Begute1·ung(3wnoua
2936 2514 3005 2548 =

450 2613 828 2694 possessio)
897 2614 1177 2693 gehort3
1251 2614 1515 2678 sodann
1587 2614 1869 2678 werden
1943 2613 2053 2678 die
2100 2612 2463 2678 einzelnen
2513 2612 3012 2678 Grundstucke

448 2736 469 2809 (
473 2725 731 2817 χωρία
760 2752 830 2785 =
859 2731 1088 2809 fundi)
1134 2732 1556 2814 ausgezahlt,
1605 2750 1733 2796 aus
1782 2732 2003 2796 denen
2053 2732 2202 2796 sich
2250 2732 2360 2796 die
2391 2731 2724 2812 Despotia
2748 2749 3011 2795 zusam-

449 2852 803 2916 mensetzt
847 2851 988 2916 und
1040 2868 1228 2916 zwar
1276 2852 1388 2917 ein
1428 2851 1627 2933 jedes
1674 2854 1883 2917 unter
1932 2850 2448 2932 gleichzeitiger
2496 2851 2785 2931 Angabe
2834 2852 3011 2917 nach

441 2969 689 3050 jugera
721 2970 937 3034 bezw.
972 2970 1266 3051 Anzahl,
1294 2971 1427 3034 wie
1460 2970 1854 3035 Ackerland
1881 2971 2089 3057 (γῆς),
2116 2970 2426 3034 Rebland
2451 2961 2840 3054 (ἀμπέλου)
2870 2970 3010 3034 und

448 3088 580 3153 wie
630 3088 808 3152 viele
858 3087 1234 3153 Oelbaume
1283 3089 1462 3153 dazu
1507 3090 1842 3170 gehoren3
1894 3108 2055 3154 zum
2103 3088 2397 3154 Schlusz
2439 3091 2712 3156 kommt
2735 3090 3010 3155 endlich

448 3206 573 3271 das
622 3205 911 3271 lebende
958 3206 1296 3271 Inventar
1347 3207 1467 3272 der
1515 3224 1780 3288 ganzen
1830 3195 2236 3291 δεσποτιὶιε;
2288 3208 2398 3273 die
2425 3207 2605 3290 Esel,
2633 3208 2755 3273 das
2781 3209 3011 3274 Klein·

518 3400 558 3469 ¹)
598 3400 659 3454 L.
700 3399 783 3455 13.
818 3399 875 3455 C.
913 3400 965 3455 J.
1004 3399 1111 3454 XI.
1147 3400 1232 3456 48.
1272 3400 1623 3470 Definimus,
1664 3404 1733 3457 ut
1766 3403 1927 3457 inter
1960 3403 2289 3471 inquilinos
2308 3402 3013 3472 colonosve...suscepti

447 3487 613 3543 libeni
670 3488 761 3542 vel
818 3489 1071 3556 utroque
1127 3489 1220 3544 vel
1256 3493 1473 3543 neutro
1508 3492 1753 3557 parente
1792 3490 2023 3545 censito
2061 3491 2289 3544 statum
2327 3493 2611 3559 paternae
2648 3490 3016 3546 condicionis

449 3577 795 3643 agnoscant.
821 3606 871 3614 —
902 3576 1013 3631 Pro
1052 3576 1228 3631 titulo
1266 3575 1325 3631 C.
1361 3576 1411 3630 J.
1452 3575 1560 3630 XI.
1597 3576 1681 3631 48.
1720 3578 1818 3645 qui
1846 3578 2003 3645 apud
2026 3576 2405 3644 Kruegerum
2427 3579 2628 3633 sonat:
2651 3578 2723 3631 de
2741 3578 3016 3646 agricolis

450 3664 700 3717 censitis
754 3663 844 3718 vel
900 3662 1145 3729 coloniS,
1190 3666 1456 3731 praestat
1492 3679 1631 3719 cum
1668 3665 1938 3732 antiquis
1973 3664 2340 3719 editionibus
2375 3665 2597 3732 legere:
2634 3664 2706 3719 de
2742 3665 3016 3733 agricolis

449 3754 511 3804 et
561 3751 811 3805 censitis
861 3752 922 3805 et
978 3751 1222 3806 colonis,
1265 3782 1315 3789 —
1364 3752 1424 3806 L.
1478 3752 1529 3806 2.
1571 3751 1631 3806 C.
1666 3751 1719 3806 J.
1758 3752 1865 3808 XI.
1903 3753 1989 3807 50.
2025 3753 2293 3821 loquitur
2330 3752 2400 3807 de
2442 3753 2698 3822 „colonis
2734 3753 3015 3808 censibus

449 3837 758 3892 dumtaoeat
793 3836 1161 3905 adscriptis”.

518 3926 559 3990 ¹)
612 3923 810 3978 Etiam
861 3923 1116 3979 Wzmen.
1170 3924 1274 3980 Die
1329 3931 1475 3980 rom.
1529 3926 1922 3994 Agrargesch.
1978 3940 2032 3994 p.
2084 3925 2235 3980 258.:
2289 3924 2394 3980 Die
2442 3924 3014 3995 Kopfsteuerpflicht

449 4010 688 4065 scheint
725 4009 820 4064 fiir
855 4010 949 4065 die
985 4011 1389 4079 provinzialen
1429 4011 1685 4068 Colonen
1726 4012 2042 4081 allgemein
2081 4012 2373 4067 bestehen
2410 4013 2716 4080 geblieben
2755 4028 2829 4068 zu
2867 4014 3017 4082 sein,

448 4097 531 4152 sie
568 4097 814 4153 beiszen
852 4097 1141 4152 hiernach
1179 4098 1416 4154 censiti.

518 4185 559 4251 ⁸)
594 4184 871 4240 Fuerunt
905 4185 1089 4240 etiam
1126 4187 1282 4241 servi
1320 4187 1604 4241 censibus
1639 4186 1924 4255 adscripti
1961 4186 2044 4254 (L.
2081 4186 2134 4241 2.
2170 4185 2228 4241 C.
2267 4185 2375 4241 Th.
2413 4186 2523 4242 XI.
2557 4186 2618 4256 33
2657 4186 2718 4241 L.
2747 4187 2796 4241 3.
2824 4186 2882 4242 C.
2909 4186 3015 4242 Th.

451 4270 579 4327 VII.
631 4273 703 4340 1.)
753 4272 843 4326 vel
901 4273 1115 4327 censiti
1155 4272 1238 4340 (L.
1275 4274 1325 4328 7.
1363 4273 1423 4327 C.
1459 4272 1511 4328 J.
1551 4273 1658 4328 XI.
1696 4274 1825 4342 48.)‚
1861 4275 2132 4329 attamen
2171 4274 2327 4328 servi
2366 4288 2487 4329 non
2525 4273 2802 4343 pendunt
2835 4275 3015 4330 tribu·

452 4360 578 4413 tuin
619 4359 849 4427 capitiS,
889 4360 975 4415 uti
1014 4359 1454 4415 demonstravit
1491 4361 1860 4415 ΖΑοΗΑΒιΑΕ
1899 4375 2016 4415 von
2057 4362 2485 4415 Lmormmnm..
2525 4360 2642 4415 Zur
2678 4359 3017 4416 Kenntniss

454 4444 554 4499 des
608 4446 950 4501 romischen
1005 4446 1464 4502 Steuerwesens
1516 4448 1578 4501 in
1635 4448 1738 4501 der
1794 4447 2129 4503 Kaiserzeit
2175 4447 2510 4514 (Memoires
2547 4447 2618 4502 de
2655 4447 3016 4502 l'Academie

454 4531 755 4601 imperiale
810 4532 913 4587 des
967 4535 1242 4589 sciences
1296 4534 1368 4588 de
1416 4534 1500 4589 St.
1539 4534 1959 4602 Petersbourg.
1995 4533 2109 4588 VII
2154 4535 2323 4603 serie,
2361 4536 2522 4589 tome
2558 4535 2610 4589 6.
2646 4533 2741 4588 N0.
2775 4535 2827 4589 9.
2864 4534 3017 4590 1863.

459 4632 511 4685 p.
544 4621 576 4673 5
613 4634 741 4687 sqq.
776 4619 1086 4676 laudatum
1125 4636 1160 4675 a
1198 4621 1317 4676 Lao
1355 4635 1408 4689 p.
1448 4623 1529 4676 12.

527 4706 569 4770 ⁴)
606 4706 669 4760 L.
703 4708 755 4761 4.
790 4705 850 4760 C.
884 4706 936 4761 J.
975 4707 1082 4762 XI.
1118 4708 1205 4762 48.

534 4792 573 4858 ⁶)
609 4792 671 4846 L.
706 4793 756 4847 3.
792 4792 849 4848 C.
888 4792 991 4849 Th.
1032 4793 1101 4850 V.
1141 4797 1191 4849 4.

541 4877 577 4942 ⁸)
615 4877 717 4933 Die
755 4880 1030 4948 capitatio
1067 4881 1299 4950 plebeja
1334 4881 1460 4937 und
1499 4882 1592 4937 die
1630 4879 1912 4949 capitatio
1949 4881 2233 4949 humana,
2270 4896 2323 4950 p.
2361 4881 2448 4936 98.
