3770 5738
1922 674 2109 740 VIII.

821 820 893 885 L.
951 822 1007 884 1.
1060 818 1129 885 C.
1189 820 1252 885 J.
1301 820 1427 884 XI.
1479 821 1586 884 48.

819 939 1217 1019 Numquam
1262 923 1637 1005 rationibus
1662 938 1771 1002 vel
1812 937 2218 1017 colligendis
2255 937 2572 1019 frugibus
2610 939 2945 1003 insistens
2982 939 3287 1024 agricola

727 1058 811 1123 ad
862 1058 1417 1123 extraordinaria
1463 1075 1674 1123 onera
1711 1058 2059 1139 trahatur,
2086 1074 2244 1121 cum
2268 1056 2750 1139 providentiae
2775 1057 2872 1123 sit
2894 1062 3284 1140 opportuno

726 1179 1040 1258 tempore
1087 1175 1196 1241 his
1245 1177 1789 1241 necessitatibus
1836 1175 2263 1241 satisfacere.

817 1294 949 1360 Pro
999 1293 1462 1376 „rationibus”
1513 1294 1878 1375 legendum
1932 1296 2043 1359 est
2090 1294 2570 1374 „sationibus”.

1940 1473 2065 1538 IX.

816 1619 888 1684 L.
945 1618 1050 1683 13.
1100 1623 1137 1697 5
1199 1621 1253 1683 1.
1308 1618 1380 1684 C.
1428 1619 1488 1683 J.
1539 1617 1666 1683 XI.
1716 1618 1825 1683 48.
2981 1705 2989 1714 ι

814 1736 996 1801 Illud
1066 1737 1281 1802 etiam
1353 1737 1778 1802 servandum
1848 1739 1981 1818 est,
2035 1739 2138 1817 ut,
2187 1736 2247 1801 si
2300 1736 2574 1817 quando
2648 1738 3012 1819 utriusque
3078 1739 3276 1803 fundi

724 1855 904 1920 idem
956 1855 1282 1920 dominus
1333 1855 1416 1920 de
1464 1855 1906 1936 possessione
1952 1855 2212 1920 referta
2236 1854 2621 1920 cultoribus
2647 1855 2732 1920 ad
2761 1873 2914 1921 eam
2937 1856 3276 1922 coloniam

723 1991 899 2055 quae
970 1974 1326 2039 laborabat
1389 1974 1742 2039 tenuitate
1790 1973 2264 2045 transtulerit.
2313 1973 2631 2055 idemque
2678 1974 2877 2038 fundi
2921 1974 3006 2038 ad
3059 1975 3275 2040 diver-

720 2110 956 2158 sorum
996 2092 1159 2174 jura
1207 2092 1643 2158 dominorum
1678 2091 1992 2172 qualibet
2016 2095 2204 2156 sorte
2229 2091 2664 2172 transierint,
2687 2095 2972 2158 maneat
2996 2093 3274 2172 quidem

720 2212 910 2276 sacta
958 2210 1355 2293 translatiO,
1403 2211 1522 2275 sed
1575 2211 1694 2291 ita,
1744 2213 1826 2274 ut
1877 2210 2144 2291 praedii
2190 2209 2342 2290 ejus
2393 2210 2734 2291 dominuS,
2784 2230 2828 2277 a
2875 2230 3000 2293 quo
3050 2211 3273 2276 coloni

718 2330 1105 2410 probantur
1150 2329 1367 2393 fuisse
1417 2329 1833 2412 transducti,
1883 2328 2389 2393 translatorum
2429 2330 2876 2410 agnationem
2917 2330 3272 2395 restituat.

808 2447 939 2512 Pro
991 2466 1080 2531 „a
1127 2448 1299 2529 quo'’
1350 2447 1500 2528 lege
1548 2445 1789 2529 „quo'’.

1949 2616 2042 2683 X.

805 2762 1050 2846 Varr0,
1099 2762 1184 2828 de
1232 2779 1307 2828 re
1357 2762 1641 2828 rustica.
1691 2761 1743 2827 I.
1800 2764 1906 2828 17.
1955 2765 2014 2828 2.

806 2882 1062 2948 Omnes
1109 2882 1258 2963 agri
1307 2882 1635 2948 coluntur
1667 2882 2067 2948 hominibus
2099 2883 2327 2948 servis
2354 2885 2481 2948 aut
2504 2883 2740 2949 liberis
2764 2888 2891 2951 aut
2912 2886 3267 2967 utrisque:

712 3000 968 3082 liberiS‚
1039 3003 1168 3066 aut
1233 3018 1392 3065 cum
1463 3001 1595 3082 ipsi
1670 2999 1932 3081 colunt,
1997 3004 2079 3065 ut
2125 3001 2434 3082 plerique
2482 3003 2887 3083 pauperculi
2936 3021 3094 3068 cum
3142 3022 3270 3069 sua

711 3120 1058 3201 progenie,
1128 3123 1251 3184 aut
1318 3120 1818 3199 mercennariis,
1893 3137 2041 3182 cum
2110 3119 2568 3184 conducticiis
2616 3120 2991 3185 liberorum
3040 3122 3267 3204 operis

710 3255 822 3303 res
871 3237 1191 3320 majores,
1242 3238 1321 3301 ut
1369 3236 1761 3301 vindemias
1808 3254 1888 3300 ac
1936 3235 2318 3319 faenisicia,
2367 3237 2888 3303 administrant.

800 3356 1034 3422 Verba
1103 3359 1270 3438 „aut
1330 3356 1831 3437 mercennariis,
1882 3323 2075 3419 cum”
2128 3356 2229 3420 ita
2274 3356 2796 3437 transponenda
2841 3360 3045 3423 sunt:
3100 3361 3267 3440 „aut

707 3494 857 3541 cum
899 3475 1471 3558 mercennariis,”.

1917 3645 2041 3712 XI.

796 3791 960 3857 Sall.
1012 3791 1182 3857 Bell.
1235 3790 1384 3856 Cat.
1435 3807 1491 3856 0.
1544 3791 1651 3856 59.
1704 3792 1766 3856 3.

795 3911 951 3992 Ipse
998 3928 1157 3977 cum
1204 3910 1478 3975 libertis
1524 3912 1597 3973 et
1644 3910 1987 3975 calonibus
2034 3913 2318 3991 propter
2363 3910 2670 3991 aquilam
2716 3911 3024 3993 adsistit,
3054 3929 3261 3993 quam

704 4029 882 4093 bello
930 4027 1271 4093 Cimbrico
1323 4028 1392 4093 C.
1444 4028 1703 4093 Marius
1753 4028 1822 4092 in
1880 4028 2197 4093 exercitu
2247 4028 2574 4093 habuisse
2626 4030 3009 4095 dicebatur.

795 4148 924 4213 Pro
973 4146 1401 4231 „calonibus”
1454 4146 1824 4228 legendum
1870 4150 1985 4211 est
2035 4144 2396 4229 „coloni8'’.

1898 4326 2057 4392 XII.

791 4474 982 4539 Caes.
1034 4474 1110 4539 B.
1161 4472 1240 4538 G.
1291 4472 1372 4537 V.
1425 4474 1532 4537 48.
1584 4474 1646 4537 9.

789 4592 912 4658 Ille
961 4592 1340 4674 perlectam
1386 4593 1453 4657 in
1506 4595 1860 4656 conventu
1910 4591 2217 4656 militum
2260 4592 2516 4656 recitat
2544 4590 2989 4671 maximaque
3016 4607 3255 4655 omnes

697 4710 971 4776 laetitia
1017 4710 1275 4775 adficit.

786 4828 957 4895 Post
1011 4828 1204 4915 „ille”
1251 4829 1697 4893 inserendum
1745 4845 1898 4893 esse
1952 4830 2121 4909 puto
2176 4827 2646 4911 „epi3tulam”.
