3770 5738
2022 438 2110 504 48

782 635 1024 701 uxoris
1098 637 1172 700 et
1241 635 1613 700 liberorum
1685 636 1787 700 ita
1849 639 2195 702 vocantur
2219 641 2305 719 1);
2354 637 2426 703 in
2477 638 2884 703 universum
2933 656 3164 704 eorum
3212 638 3321 719 qui

784 771 917 819 non
971 754 1079 818 sui
1123 753 1303 834 juris
1344 756 1535 819 sunt.

873 872 1233 937 Peculium
1284 872 1457 937 illud
1507 872 1805 953 duplicis
1854 874 2127 953 generis
2175 876 2329 955 est;
2381 878 2663 939 constat
2710 875 2896 939 enim
2944 881 3067 940 aut·
3105 874 3324 939 reditu

778 1007 1101 1070 agrorum
1170 1007 1343 1070 quos
1412 990 1736 1055 colendos
1806 994 2298 1073 susceperunt,
2371 992 2641 1056 scilicet
2689 992 3100 1087 deductione
3146 993 3326 1056 facta

780 1108 1119 1173 mercedis
1168 1112 1241 1172 et
1287 1109 1757 1189 tributorum3
1806 1112 1934 1173 aut
1983 1113 2172 1174 terra
2221 1110 2394 1191 ipsa.

872 1226 982 1290 Ad
1042 1227 1344 1308 primum
1404 1228 1770 1307 spectatur
1832 1227 1893 1291 si
1939 1226 2226 1308 fugitivi
2266 1227 2609 1308 jubentur
2657 1229 2894 1293 reduci
2942 1246 3101 1294 cum
3147 1226 3325 1292 omni

781 1344 1070 1426 peculio‘
1098 1361 1225 1409 suo
1252 1341 1321 1419 2).
3229 1411 3247 1431 .

872 1462 1138 1528 Notatu
1187 1462 1464 1542 dignius
1507 1464 1617 1526 est
1658 1463 1836 1543 quod
1864 1463 2169 1528 secundo
2195 1464 2344 1528 loco
2374 1464 2754 1546 dicebatur,
2783 1481 3033 1546 nempe
3059 1463 3330 1529 colonos

781 1580 997 1645 etiam
1064 1582 1328 1645 terram
1397 1580 1752 1661 possidere
1800 1598 2022 1661 posse.
2074 1581 2499 1663 Incipiamus
2546 1600 2663 1648 eos
2705 1583 2890 1648 locos
2932 1596 3332 1647 enumerare

782 1699 853 1762 in
905 1698 1158 1779 quibus
1202 1698 1369 1763 talis
1414 1699 1876 1779 possessionis
1927 1699 2191 1763 mentio
2241 1699 2340 1764 fit.
2398 1699 2472 1763 L.
2521 1701 2581 1763 4.
2633 1699 2771 1764 C.J.
2812 1700 2937 1764 XI.
2966 1700 3055 1765 48
3081 1698 3333 1764 statuit

782 1819 865 1881 ut
933 1815 1217 1887 domini„
1264 1816 1535 1880 tributa
1603 1810 2004 1881 colonorum
2078 1833 2364 1881 suorum
2427 1820 2785 1917 praestare
2832 1818 3154 1897 debeant,
3201 1815 3333 1880 nisi

854 2186 893 2255 ι)
931 2186 993 2242 Ε.
1047 2190 1102 2255 g:
1156 2185 1220 2241 L.
1275 2185 1359 2241 13.
1413 2184 1471 2241 C.
1525 2185 1579 2241 J.
1613 2185 1723 2240 ΙΙΙ.
1758 2186 1844 2241 36.
1880 2185 2123 2242 Certum
2161 2191 2257 2241 est
2290 2186 2613 2242 liberorum
2648 2186 2879 2255 peculia
2913 2189 3051 2255 post
3084 2188 3338 2242 mortem

781 2274 968 2344 patris
1001 2274 1064 2328 in
1101 2273 1431 2328 hereditate
1469 2273 1787 2328 dividenda
1823 2273 1899 2329 ad
1935 2274 2423 2329 communionem
2460 2287 2592 2328 esse
2629 2273 2975 2329 revocanda.
3014 2272 3098 2330 Cf.
3136 2274 3342 2329 contra

782 2362 843 2418 L.
882 2362 1001 2417 182.
1036 2361 1108 2416 de
1145 2361 1460 2416 verborum
1498 2360 1954 2429 significatione.
1990 2360 2121 2429 Dig.
2156 2360 2218 2415 L.
2258 2360 2337 2415 16.
2361 2361 2538 2416 Pater
2573 2360 2828 2416 familias
2863 2360 3012 2416 liber
3040 2361 3338 2431 peculium

782 2464 901 2505 non
939 2449 1137 2517 potest
1172 2447 1389 2502 habere
1426 2447 1933 2517 quemadmodum
1976 2462 2084 2503 nec
2120 2462 2335 2503 servus
2361 2448 2542 2502 bona.

852 2538 892 2606 ²)
929 2535 990 2591 L.
1030 2536 1081 2591 1.
1114 2536 1148 2602 ξ
1184 2535 1234 2590 2.
1272 2535 1332 2591 C.
1367 2534 1475 2592 Th.
1501 2535 1571 2590 V.
1609 2534 1693 2590 10.
1731 2534 1894 2603 Quod
1934 2536 1984 2590 si
2021 2534 2171 2590 forte
2206 2536 2332 2603 ipse
2369 2535 2471 2603 (sc.
2507 2535 2898 2604 originarius),
2934 2536 3006 2590 de
3026 2535 3202 2604 cujus
3221 2548 3341 2603 pro·

781 2624 1034 2693 prietate
1087 2624 1367 2687 certatur,
1423 2621 1588 2678 fatali
1640 2624 1800 2677 sorte
1853 2625 2254 2691 consumptus
2291 2624 2401 2689 est,
2438 2623 2571 2690 ejus
2608 2623 3024 2691 posteritatem
3061 2637 3339 2692 agrorum

772 2711 896 2779 juri
952 2724 1092 2765 cum
1145 2710 1309 2764 omni
1342 2709 1572 2778 peculio
1608 2711 1790 2778 atque
1827 2710 2218 2779 mercedibus,
2257 2709 2427 2764 velut
2461 2723 2530 2764 eo
2566 2710 2890 2777 superstite
2926 2709 3028 2778 qui
3069 2709 3341 2778 decessit,

779 2796 954 2853 celeri
979 2797 1269 2867 Jubemus
1303 2797 1659 2852 executione
1695 2798 1975 2853 revocari.
2018 2828 2070 2835 —
2115 2796 2362 2864 Quando
2396 2797 2461 2850 in
2497 2796 2600 2851 tali
2640 2811 2703 2851 re
2739 2811 2935 2852 sermo
2976 2810 3111 2852 esse
3141 2798 3340 2865 potue-

779 2886 860 2942 rit
912 2885 983 2940 de
1037 2885 1310 2940 mercede
1366 2883 1520 2939 effici
1557 2898 1731 2953 posse
1768 2884 1944 2939 credo
1979 2899 2057 2940 ex
2096 2885 2157 2940 L.
2191 2884 2244 2939 8.
2282 2883 2341 2939 C.
2377 2883 2431 2939 J.
2466 2883 2575 2939 XI.
2609 2885 2706 2940 48:
2746 2885 2970 2939 Omnes
3006 2884 3242 2954 profugi
3278 2884 3341 2938 in

778 2973 971 3029 alieno
1011 2972 1264 3027 latebras
1299 2971 1659 3027 collocantes
1695 2986 1838 3027 cum
1873 2971 2302 3027 emolumentis
2337 2971 2682 3039 tributariiS,
2720 2971 2888 3026 salva
2918 2973 3124 3027 tamen
3149 2970 3341 3027 mode·

778 3061 1024 3130 ratione,
1078 3060 1451 3126 revocentur,
1500 3059 1730 3114 scilicet
1776 3061 1848 3114 ut
1881 3060 1951 3127 si,
1987 3059 2146 3128 apud
2183 3073 2334 3126 quos
2370 3059 2645 3114 homines
2680 3058 3081 3129 reperiuntur,
3116 3059 3345 3114 alienos

778 3162 911 3204 esse
959 3148 1254 3203 noverant
1294 3146 1577 3214 fugitivos
1613 3149 1673 3201 et
1708 3145 1975 3215 profugis
2009 3147 2070 3201 in
2109 3147 2346 3201 lucrum
2384 3160 2565 3202 suum
2604 3146 2696 3201 u.i
2735 3148 2899 3215 sunt,
2936 3145 3048 3201 hoc
3085 3149 3183 3201 est
3217 3146 3343 3200 sive

777 3234 1180 3291 excoluerunt
1231 3248 1404 3302 agros
1458 3232 1753 3288 fructibus
1808 3233 2067 3289 dominis
2113 3233 2456 3302 profuturos
2496 3233 2622 3288 sive
2658 3233 2859 3302 aliqua
2892 3234 2964 3288 ab
3000 3234 3196 3289 isdem
3234 3232 3345 3287 sibi

778 3322 1054 3389 injuncta
1093 3323 1467 3376 novaverunt
1503 3334 1614 3375 nec
1651 3320 1988 3376 mercedem
2026 3321 2242 3375 laboris
2279 3320 2540 3375 debitam
2578 3321 2885 3376 consecuti
2913 3322 3085 3389 sunt,
3135 3319 3348 3375 abillis

778 3409 1005 3464 tributa
1060 3421 1212 3476 quae
1266 3407 1520 3476 publicis
1579 3408 1889 3476 perierunt
1924 3406 2336 3463 functionibus
2372 3408 2710 3476 exigantur.
2749 3406 3026 3462 Ceterum
3064 3408 3117 3463 si
3156 3405 3348 3463 occul·

778 3497 905 3551 tato
959 3511 1028 3551 eo
1068 3494 1317 3564 profugi,
1353 3495 1510 3563 quod
1550 3494 1727 3549 alieni
1763 3509 1896 3549 esse
1936 3495 2231 3563 videntur,
2268 3495 2439 3563 quasi
2476 3494 2570 3549 sui
2607 3494 2837 3549 arbitrii
2872 3508 2939 3549 ac
2976 3494 3150 3549 liberi
3187 3493 3348 3562 apud

778 3583 1039 3652 aliquem
1095 3596 1159 3637 se
1214 3581 1658 3637 collocaverunt
1708 3584 1818 3637 aut
1851 3583 2202 3637 excolentes
2239 3583 2427 3637 terras
2462 3584 2692 3651 partem
2730 3581 3037 3637 fructuum
3075 3597 3184 3651 pro
3222 3581 3348 3637 solo

779 3671 1042 3726 debitam
1078 3669 1337 3725 dominis
1371 3669 1804 3738 praestiterunt
1838 3670 2037 3724 cetera
2073 3669 2305 3737 proprio
2326 3669 2557 3737 peculio
2575 3668 3082 3738 rese1·vante8,vel
3103 3669 3349 3738 quibus·

779 3772 1040 3826 cumque
1095 3756 1290 3826 operis
1340 3757 1629 3825 impensis
1682 3756 2018 3811 mercedem
2061 3756 2342 3824 placitam
2381 3756 2689 3811 consecuti
2726 3758 2889 3824 sunt,
2925 3757 2998 3811 ab
3033 3756 3186 3824 ipsis
3221 3769 3350 3825 pro·

778 3845 937 3913 fugis
978 3857 1392 3913 quaecumque
1429 3843 1724 3898 debentur
1760 3843 2111 3911 exigantur:
2149 3857 2289 3897 nam
2326 3842 2715 3899 manifestum
2752 3845 2845 3898 est
2882 3844 3187 3912 privat-um
3217 3843 3350 3911 jam

778 3946 910 3987 esse
947 3932 1344 3986 contractum.
1387 3961 1439 3968 —
1486 3929 1645 3997 Quae
1683 3929 1942 3985 voluerit
1976 3929 2122 3985 haec
2149 3930 2266 4000 lex,
2286 3944 2468 3998 quam
2487 3929 2608 3984 Lao
2630 3928 2756 3998 (Die
2776 3929 3054 3999 capitatio
3074 3929 3353 3985 humana

781 4018 905 4073 und
960 4018 1053 4073 die
1107 4032 1237 4087 cap.
1293 4017 1522 4086 plebeja
1573 4031 1629 4085 p.
1686 4017 1980 4081 114-124)
2036 4016 2433 4085 comparando
2475 4031 2614 4072 cum
2655 4016 2716 4071 L.
2751 4016 2837 4071 23.
2873 4015 2932 4071 C.
2968 4016 3019 4071 J.
3058 4015 3137 4072 X.
3178 4019 3227 4072 1.
3263 4016 3353 4072 48.

778 4105 951 4161 valde
988 4105 1267 4173 perplexe
1302 4103 1679 4172 interpretari
1716 4105 1987 4173 conatur,
2023 4105 2321 4171 quantum
2359 4103 2549 4172 vide0,
2585 4103 2704 4159 huc
2725 4103 2846 4158 fere
2871 4103 3048 4158 redit:
3071 4104 3124 4157 si
3145 4103 3348 4161 deten-

778 4194 939 4248 tator
977 4194 1070 4247 est
1105 4191 1263 4246 mala
1298 4191 1433 4261 fide,
1470 4191 1507 4246 i.
1543 4204 1592 4245 e.
1629 4191 1680 4245 si
1715 4191 1942 4260 optime
1979 4189 2093 4245 scit
2122 4204 2186 4245 se
2206 4190 2485 4245 colonum
2505 4189 2830 4257 fugitivum
2849 4190 3134 4260 detinere,
3153 4204 3352 4260 poena

779 4280 999 4349 dignus
1051 4281 1148 4334 est
1194 4281 1375 4346 atque
1426 4277 1794 4333 indemnitas
1840 4278 1914 4332 ab
1951 4291 2020 4332 eo
2056 4277 2243 4345 repeti
2277 4278 2504 4346 potest;
2543 4277 2760 4332 malam
2798 4278 2930 4345 ejus
2965 4276 3148 4332 fidem
3190 4291 3350 4333 coar·

778 4367 910 4436 guit
962 4366 1022 4421 id
1076 4366 1232 4434 quod
1287 4380 1428 4420 eum
1480 4365 1772 4434 tanquam
1824 4363 2104 4419 colonum
2153 4365 2375 4419 tractat
2407 4366 2588 4433 atque
2625 4364 2809 4432 igitur
2844 4363 3185 4419 mercedem
3225 4378 3350 4419 non

778 4453 1002 4522 pendit.
1057 4452 1119 4508 Si
1173 4453 1384 4508 contra
1437 4453 1591 4507 bona
1644 4451 1760 4506 fide
1815 4452 1926 4519 est,
1981 4450 2018 4505 i.
2054 4465 2104 4506 e.
2139 4450 2190 4505 si
2224 4452 2402 4519 putat
2436 4465 2561 4506 rem
2600 4451 2711 4505 sibi
2747 4465 2881 4506 esse
2920 4464 3058 4506 cum
3097 4451 3350 4506 homine

778 4541 979 4608 libem,
1021 4554 1141 4595 non
1179 4540 1248 4608 ie,
1284 4540 1389 4594 sed
1424 4539 1552 4608 ipse
1588 4538 1879 4606 fugitivus
1913 4551 2137 4606 poenae
2173 4537 2470 4593 obnoxius
2506 4539 2600 4593 est
2610 4553 2625 4606 ;
2662 4538 2794 4606 ejus
2830 4538 2986 4592 bona
3004 4537 3153 4593 fides
3174 4553 3350 4608 appa·

781 4629 874 4682 ret
907 4641 984 4683 ex
1021 4641 1090 4682 eo
1127 4627 1285 4695 quod
1323 4627 1532 4682 colono
1569 4627 1878 4694 tamquam
1917 4625 2100 4680 libero
2138 4626 2400 4693 operario
2438 4625 2633 4680 utitur
2668 4626 2849 4693 atque
2885 4625 3069 4693 igitur
3104 4626 3159 4680 ei
3199 4640 3352 4681 mer·

782 4715 989 4770 cedem
1027 4714 1253 4783 pendit.
1289 4713 1619 4769 Mercedem
1654 4712 1839 4780 igitur
1873 4712 1927 4766 is
1962 4711 2254 4780 fugitivus
2289 4712 2505 4780 accipit
2540 4712 2642 4780 qui
2677 4725 2784 4781 pro
2819 4712 3002 4767 libero
3040 4726 3105 4766 se
3142 4713 3352 4782 proba·

781 4802 871 4857 vit
906 4802 1086 4870 atque
1123 4814 1193 4856 eo
1229 4800 1405 4856 modo
1441 4813 1505 4854 se
1541 4798 1777 4855 locavit.
