3770 5738
2042 479 2122 542 12

778 675 936 740 dein
1011 693 1221 756 quam
1292 676 1523 757 cupidi
1597 692 2035 757 possessores
2106 675 2372 741 fuerint
2440 675 2782 755 fugitivos
2877 676 3338 758 suscipiendi;

774 793 1015 872 itaque
1063 810 1225 874 ergo
1273 797 1539 874 quanta
1585 794 1823 875 inopia
1870 794 2088 858 fuerit
2137 810 2506 875 operarum
2555 794 3004 864 rusticorum.

864 911 1604 977 ADHAERENTIAM
1676 912 1961 977 ΕΤΙΑΜ
2007 911 2128 978 ,ΙΝ
2195 909 2570 976 LIBEROS
2620 911 3000 976 CADERE.
3074 912 3340 977 Adhae-

775 1029 1044 1094 rentiae
1106 1031 1461 1111 proprium
1532 1030 1599 1095 id
1665 1047 1820 1095 esse
1883 1031 2062 1112 quod
2127 1030 2214 1094 ad
2264 1029 2518 1095 liberos
2565 1046 2837 1110 quoque
2883 1031 3223 1095 transiret
3270 1034 3344 1096 et

773 1164 897 1229 per
965 1164 1041 1211 se
1106 1147 1254 1228 Jam
1319 1148 1760 1230 intellegitur
1825 1150 1901 1213 et
1972 1148 2389 1214 creberrime
2450 1148 2521 1213 in
2589 1148 2857 1228 legibus
2904 1149 3339 1231 enuntiatur,

774 1265 925 1329 sive
975 1266 1148 1345 ipsis
1200 1267 1432 1331 verbis
1478 1258 1631 1330 sive
1680 1267 1751 1330 in
1801 1267 2101 1332 aliarum
2149 1284 2383 1335 rerum
2432 1269 2796 1331 contextu.
2864 1266 3054 1350 „Hoc
3103 1270 3339 1332 tamen

774 1383 844 1447 in
895 1384 1068 1464 ipsis
1117 1384 1380 1449 colonis
1428 1401 1636 1465 quam
1686 1386 1757 1449 in
1806 1385 2050 1450 subole
2100 1402 2341 1450 eorum
2391 1385 2920 1467 qualiscumque
2972 1403 3190 1451 sexus
3229 1385 3340 1451 vel

772 1502 1033 1567 aetatis
1103 1503 1457 1569 sancimus
1527 1507 1610 1569 ut
1680 1506 1755 1568 et
1802 1504 1956 1584 ipsa
2000 1503 2217 1568 semel
2268 1505 2336 1567 in
2387 1503 2603 1568 fundo
2643 1508 2815 1569 nata
2861 1507 3223 1569 remaneat
3270 1504 3338 1568 in

776 1620 1222 1700 possessione
1267 1622 1396 1686 sub
1444 1621 1667 1685 isdem
1706 1622 1954 1701 modis,
1997 1622 2356 1703 isdemque
2383 1622 2908 1687 condicionibus
2932 1624 3062 1687 sub
3089 1623 3342 1701 quibus

775 1738 990 1803 etiam
1060 1738 1413 1818 genitores
1484 1739 1638 1820 eJ'us
1708 1757 1991 1804 manere
2061 1740 2132 1804 in
2204 1740 2454 1804 alienis
2516 1740 2754 1805 fundis
2825 1740 3341 1820 definivimus’',

776 1857 879 1921 ita
940 1874 1015 1921 se
1064 1858 1275 1922 habet
1325 1859 1442 1923 lex
1486 1852 1973 1938 Justiniani1).
2025 1859 2336 1939 Fugitivi
2386 1858 2611 1923 coloni
2654 1861 3135 1940 exposcuntur
3182 1876 3339 1923 cum

775 1974 1038 2056 origine
1065 1974 1141 2057 2),
1211 1992 1369 2040 cum
1418 1976 1658 2041 subole
1707 1979 1780 2041 et
1827 1977 2206 2057 nepotibus
2232 1972 2303 2058 3),
2352 1994 2513 2041 011111
2560 1977 2748 2041 0111111
2796 1976 3037 2042 subole
3086 1977 3222 2041 etsi
3270 1977 3338 2041 in

775 2093 917 2157 6116
980 2095 1169 2158 terra
1235 2110 1389 2158 eam
1452 2095 1699 2159 fecerit
1726 2089 1795 2171 4).
1872 2095 2166 2160 Etiamsi
2216 2094 2563 2175 fugitivus
2611 2095 2761 2175 ipse
2809 2094 2956 2159 fato
3000 2094 3148 2175 Jam
3198 2111 3339 2176 per-

775 2210 1066 2276 functus
1115 2214 1245 2291 est,
1296 2214 1534 2277 tamen
1580 2212 1735 2293 eJus
1783 2214 2045 2294 posteri
2094 2214 2167 2277 in
2216 2214 2572 2294 potestate
2623 2212 2884 2277 domini
2933 2216 3227 2278 manent
3252 2209 3338 2294 ⁵);

777 2329 961 2394 idem
1025 2330 1218 2395 valet
1282 2331 1364 2395 de
1426 2332 1665 2396 liberis
1717 2331 2157 2413 originariae,
2207 2348 2383 2412 quae
2438 2331 2698 2396 homini
2743 2330 2959 2396 libero
3007 2330 3143 2395 alio
3195 2332 3340 2396 loco

782 2451 1005 2528 nupta
1078 2451 1249 2530 erat,
1322 2450 1380 2513 si
1455 2449 1734 2528 quidem
1798 2449 1949 2514 nati
1995 2452 2166 2514 sunt
2213 2452 2593 2528 antequam
2642 2452 2867 2513 mater
2914 2449 3340 2529 praestituto

779 2570 1091 2647 tempore
1163 2567 1362 2632 finito
1434 2568 1652 2633 libera
1714 2570 1825 2633 est
1895 2567 2086 2633 facta
2110 2564 2204 2649 6);
2277 2567 2523 2649 quodsi
2586 2566 2760 2632 illud
2847 2568 3130 2648 tempus
3203 2584 3337 2631 non

778 2685 1258 2765 praeterierat,
1308 2688 1548 2750 tamen
1591 2686 1847 2751 licebat
1911 2685 2208 2750 vicarios
2258 2686 2443 2765 dare,
2495 2702 2582 2750 ne
2628 2685 2894 2750 liberia
2930 2685 3341 2765 parentibus

777 2801 1314 2884 serngerentur
1342 2800 1408 2884 ⁷).
1485 2804 1709 2868 Etiam
1784 2805 1853 2867 in
1927 2804 2228 2885 praediis
2311 2803 2708 2868 dividendis
2778 2803 3341 2885 prospiciendum

778 2926 931 2987 erat
1002 2926 1081 2988 ut
1148 2941 1606 3005 unaquaeque
1667 2924 1938 2989 familia
1995 2925 2271 3005 integra
2315 2924 2402 2988 ad
2452 2940 2926 3004 possessorem
2973 2924 3341 2988 succeden-

1263 3311 1275 3323 .
1313 3269 1370 3323 C.
1409 3269 1461 3324 J.
1502 3269 1612 3324 XI.
1647 3270 1731 3324 48.

850 3269 890 3334 ¹)
930 3269 991 3323 L.
1031 3269 1118 3323 23.
1153 3272 1188 3336 ἓ
1223 3270 1258 3324 3

928 3356 990 3410 L.
1029 3358 1075 3411 1.
1114 3355 1175 3411 C.
1214 3356 1322 3412 Th.
1359 3356 1430 3411 V.
1469 3358 1552 3412 10.

851 3442 890 3506 ²)
927 3443 987 3497 L.
1028 3444 1078 3497 1.
1115 3443 1173 3497 C.
1212 3443 1263 3498 J.
1303 3442 1436 3497 VII.
1474 3443 1559 3497 38.

846 3529 893 3596 ⁴)
931 3530 993 3584 L.
1031 3529 1120 3584 23.
1157 3529 1215 3584 C.
1253 3529 1306 3584 J.
1344 3530 1453 3585 XI.
1488 3530 1574 3584 48.

847 3618 888 3685 ⁸·)
927 3617 987 3671 L.
1028 3619 1073 3671 1.
1111 3618 1145 3684 ξ
1179 3617 1229 3671 2.
1269 3616 1440 3673 Ο.Τ11.
1478 3616 1548 3672 V.
1587 3618 1670 3672 10.
1708 3617 1874 3685 Quod
1913 3618 1964 3672 si
2000 3616 2153 3672 forte
2189 3617 2333 3685 ipse,
2372 3615 2445 3670 de
2483 3616 2660 3683 cujus
2679 3616 3039 3685 proprietate
3059 3617 3344 3683 certatur,

776 3704 940 3759 fatali
994 3706 1154 3759 sorte
1208 3707 1609 3773 consumptus
1663 3707 1773 3773 est,
1828 3704 1962 3770 ejus
2014 3705 2434 3772 posteritatem
2487 3717 2767 3771 agrorum
2815 3703 2937 3771 juri
2992 3718 3131 3758 cum
3180 3703 3344 3758 omni

774 3791 1007 3860 peculio
1060 3794 1242 3860 atque
1280 3792 1673 3861 mercedibus,
1711 3792 1878 3846 velut
1916 3805 1984 3847 eo
2021 3790 2364 3860 superstite,
2401 3791 2505 3858 qui
2541 3790 2815 3857 decessit,
2852 3789 3029 3845 celeri
3057 3791 3347 3858 jubemus

775 3879 1135 3934 executione
1171 3879 1453 3934 revocari.

847 3966 889 4031 ⁸)
929 3966 990 4019 L.
1030 3967 1114 4021 16.
1157 3966 1215 4021 C.
1254 3966 1304 4021 J.
1347 3966 1454 4020 XI.
1491 3966 1578 4020 48.
1634 3965 1864 4035 Mulier,
1920 3979 2075 4033 quae
2112 3964 2299 4020 fuisse
2337 3963 2659 4032 originaria
2696 3963 3024 4032 docebitur,
3061 3963 3112 4018 si
3151 3963 3346 4032 cujus·

779 4068 1038 4121 cumque
1074 4052 1244 4108 liberi
1283 4052 1546 4108 hominis
1583 4055 1794 4107 secuta
1831 4051 2202 4107 consortium
2240 4052 2301 4105 in
2341 4051 2591 4105 urbibus
2627 4051 2721 4105 vel
2758 4051 2819 4104 in
2862 4050 3344 4118 quibuscumque

775 4139 921 4194 locis
975 4141 1209 4195 victura
1263 4140 1555 4208 constitit,
1611 4140 1744 4208 ejus
1797 4153 2041 4195 omnem
2079 4139 2354 4194 subolem
2390 4136 2730 4193 secundum
2769 4138 2972 4192 vetera
3009 4137 3345 4192 constituta

777 4226 1097 4280 conveniet
1134 4226 1417 4281 revocari.

846 4310 887 4376 7)
924 4311 1073 4367 Nov.
1126 4311 1256 4366 Val.
1314 4311 1516 4367 XXX.
1570 4313 1604 4379 ἓ
1657 4312 1707 4366 2.
1765 4311 1986 4367 Colona
2039 4325 2197 4380 vem,
2247 4324 2400 4379 quae
2437 4309 2679 4378 petitori
2714 4311 2852 4379 post
2886 4308 3009 4364 XX
3045 4323 3344 4365 annorum

776 4398 1074 4453 curricula
1110 4399 1457 4467 denegatur,
1494 4400 1545 4455 si
1583 4413 1763 4468 quem
1803 4402 2047 4467 partum
2082 4399 2225 4453 ante
2262 4398 2650 4466 designatum
2682 4398 2924 4466 tempus
2943 4395 3145 4461 edidit,
3167 4394 3344 4465 priori

775 4485 1016 4541 domino
1071 4487 1355 4541 convenit
1409 4501 1530 4541 non
1583 4486 1807 4555 perire;
1862 4500 2127 4554 aequum
2164 4486 2278 4552 est,
2318 4486 2386 4540 ut
2422 4485 2497 4540 ad
2533 4499 2676 4540 eum
2713 4484 2960 4539 suboles
2993 4483 3200 4539 redeat
3217 4497 3342 4538 sus·

777 4575 952 4641 cepta
1005 4579 1151 4628 tunc
1208 4575 1514 4642 temporie,
1552 4588 1693 4629 cum
1730 4572 1930 4628 adhuc
1968 4573 2186 4628 mulier
2221 4573 2618 4640 competebat,
2656 4573 2727 4626 ut
2763 4571 3052 4626 damnum
3088 4570 3344 4626 amissae

779 4660 1008 4729 matriS,
1044 4660 1203 4729 quod
1240 4675 1525 4729 processu
1545 4661 1843 4729 contingit
1860 4674 2178 4726 annorum,
2199 4659 2383 4728 prolis
2401 4658 2619 4715 saltem
2640 4657 2965 4713 vindicatio
2985 4657 3345 4713 consoletur.

778 4747 965 4814 Quem
1020 4761 1229 4802 casum
1278 4748 1568 4816 jubemus
1622 4748 1980 4803 vicariorum
2018 4747 2508 4816 compensatione
2545 4746 2721 4815 finiri,
2763 4759 2857 4814 ne,
2894 4744 3052 4812 quod
3089 4744 3343 4813 impium

776 4835 887 4901 est,
924 4835 1031 4890 filii
1067 4849 1103 4890 a
1138 4835 1490 4905 parentibus
1526 4835 1890 4891 dividantur.
