3770 5738
1994 441 2078 505 24

754 642 952 707 statu
1021 642 1315 724 paterno
1385 644 1853 725 remanerent,
1927 642 2206 708 etiamsi
2273 658 2409 708 non
2488 642 2620 725 ipsi
2666 659 2787 724 per
2829 640 3046 706 XXX
3093 658 3315 706 annos

755 760 825 825 in
866 760 1148 843 praedio
1197 755 1648 842 degissent1).

806 878 910 944 -2.
989 878 1204 959 Quum
1274 880 1424 961 quis
1492 883 1724 962 sponte
1773 880 2030 962 juywm
2074 881 2422 946 colonatus
2466 880 2791 944 indueret.
2847 877 2994 959 Quo
3042 876 3318 943 facilius

662 1006 669 1017 '
756 998 1088 1077 obsequia
1139 997 1561 1063 condicionis
1609 1015 1778 1064 suae
1827 998 2307 1064 detrectarent
2329 997 2537 1063 multi
2562 996 2861 1089 curiales
2886 997 3320 1061 conabantur

756 1116 982 1182 coloni
1051 1116 1223 1197 fieri,
1270 1117 1637 1198 praecipue
1694 1119 1777 1181 ut
1835 1117 2237 1182 colonorum
2294 1116 2892 1200 patrimonialium
2936 1114 3323 1197 privilegiis

755 1233 1175 1316 potirentur.
1266 1233 1461 1315 Quod
1534 1237 1617 1299 ut
1686 1234 2139 1317 prohiberent
2200 1235 2467 1318 placuit
2537 1234 2949 1300 Constantio
3018 1237 3092 1301 et
3155 1232 3323 1299 Con·

758 1351 981 1417 stanti
1029 1353 1110 1417 ut
1158 1352 1238 1433 is,
1287 1353 1426 1434 qui,
1473 1368 1689 1432 quum
1737 1352 1887 1435 ipse
1934 1352 2416 1435 XXVjugera
2438 1353 2850 1436 possideret,
2883 1353 3095 1419 etiam
3119 1352 3364 1436 plura·

759 1470 860 1535 rei
926 1470 1247 1552 privatae
1320 1470 1669 1535 conducta
1727 1471 2040 1552 haberet,
2113 1471 2228 1536 vel
2286 1470 2348 1536 is
2401 1471 2520 1552 qui
2568 1487 2785 1552 quum
2833 1471 3064 1535 minus
3111 1486 3325 1551 quam

758 1587 969 1653 XXV
1012 1588 1263 1669 jugera
1308 1588 1719 1671 possideret,
1769 1591 2138 1671 praeterea
2188 1589 2611 1671 particulam
2642 1589 2791 1670 agri
2813 1589 3327 1671 patrimonialis

762 1706 1124 1772 colendam
1186 1707 1496 1789 haberet,
1566 1707 1753 1772 omni
1825 1708 2279 1774 excusatione
2358 1710 2734 1789 summota,
2811 1708 3043 1773 curiae
3090 1707 3326 1772 redde-

762 1827 992 1904 retur;
1077 1824 1147 1888 in
1231 1826 1532 1906 utraque
1602 1842 1677 1890 re
1746 1825 2078 1891 videlicet
2140 1827 2307 1891 talis
2377 1826 2748 1892 conductio
2830 1825 2980 1906 agri
3069 1824 3329 1889 fiscalis

761 1945 1047 2025 propter
1119 1942 1389 2008 nullam
1456 1943 1668 2008 aliam
1743 1961 2027 2008 causam
2100 1944 2515 2010 credebatur
2579 1947 2870 2027 accepta
2914 1960 3067 2009 esse
3116 1960 3331 2023 quam

765 2063 847 2126 ut
909 2061 1044 2142 legi
1090 2060 1284 2126 fraus
1325 2061 1545 2144 fieret,
1593 2079 1842 2144 nempe
1893 2065 1974 2127 ut
2023 2063 2423 2128 condicione
2471 2062 2715 2128 curiali
2762 2062 3226 2127 liberarentur
3252 2058 3328 2142 2).

765 2179 1186 2260 Diligentius
1278 2196 1434 2244 eam
1526 2196 1674 2244 rem
1764 2182 2107 2246 tractavit
2200 2180 2646 2262 Majorianus,
2727 2181 2845 2261 qui
2916 2180 3175 2245 statuit
3250 2182 3331 2243 ut

768 2298 1067 2364 curiales
1136 2298 1442 2380 fugitivi,
1517 2298 1889 2365 dummodo
1962 2301 2147 2364 intra
2217 2299 2433 2364 XXX
2490 2316 2712 2364 annos
2753 2298 3014 2381 reperti
3070 2300 3332 2379 essent,

768 2412 1303 2482 remitterentur
1393 2417 1481 2482 ad
1574 2418 1780 2483 urbes
1872 2434 2047 2499 quas
2140 2418 2609 2499 reliquissent,
2701 2420 2913 2498 atque
3008 2416 3074 2481 id
3170 2432 3333 2481 cum

775 2534 1133 2617 uxoribuS,
1198 2551 1374 2614 quae
1446 2535 1658 2616 igitur
1725 2535 2026 2602 dominis
2095 2536 2241 2600 suis
2306 2536 2687 2617 perierunt.
2758 2535 2862 2598 Ex
2903 2534 3139 2599 liberis
3185 2533 3335 2617 filii,

847 2790 886 2858 ¹)
906 2789 971 2845 L.
985 2789 1072 2844 23.
1090 2792 1124 2857 ᾖ
1146 2790 1193 2844 1.
1220 2790 1279 2844 C.
1299 2788 1353 2845 J.
1366 2789 1474 2844 XI.
1490 2790 1579 2847 48.
1599 2791 1748 2846 Cum
1769 2791 1977 2846 autem
1997 2792 2402 2846 Anastasiana
2420 2791 2522 2846 lex
2542 2791 2819 2846 homines
2837 2791 2939 2859 qui
2964 2803 3069 2858 per
3087 2789 3340 2858 triginta

773 2891 968 2933 annos
1019 2877 1318 2932 colonaria
1369 2878 1598 2933 detenti
1641 2880 1790 2933 sunt
1825 2880 2173 2934 condicione
2211 2879 2401 2935 voluit
2437 2878 2652 2934 liberos
2686 2879 2929 2947 quidem
2967 2892 3338 2947 permanere,

776 2978 898 3020 non
934 2965 1142 3020 autem
1179 2965 1396 3019 habere
1431 2964 1784 3020 facultatem
1820 2968 1980 3021 terra
2015 2967 2298 3021 derelicta
2331 2967 2396 3021 in
2431 2966 2546 3021 alia
2581 2964 2710 3021 loca
2746 2966 3019 3034 migrare,
3046 2966 3108 3020 et
3125 2979 3204 3019 ex
3222 2964 3339 3019 hoc

777 3051 1191 3122 quaerebatur,
1245 3052 1295 3107 si
1350 3052 1534 3107 etiam
1589 3052 1755 3107 liberi
1792 3067 2002 3108 eorum
2037 3053 2476 3122 cujuscumque
2513 3067 2718 3122 sexuS,
2756 3052 2897 3108 licet
2931 3066 3051 3108 non
3092 3052 3343 3120 triginta

779 3153 972 3194 annos
1024 3138 1275 3194 fecerint
1326 3139 1388 3194 in
1425 3139 1629 3194 fundis
1666 3139 1759 3195 vel
1797 3140 1964 3205 vicis,
2002 3141 2287 3195 deberent
2323 3141 2653 3195 colonariae
2690 3154 2822 3194 esse
2859 3139 3225 3194 condicionis
3261 3153 3341 3194 an

782 3227 1203 3282 tantummodo
1261 3227 1496 3295 genitor
1548 3241 1777 3296 eorum,
1834 3228 1933 3295 qui
1972 3242 2077 3296 per
2113 3228 2361 3295 triginta
2395 3242 2588 3283 annos
2622 3227 2971 3295 hujusmodi
3009 3225 3344 3282 condicioni

778 3314 986 3369 illatus
1036 3315 1156 3369 est:
1208 3314 1517 3369 sancimus
1552 3314 1768 3370 liberos
1804 3314 2154 3370 colonorum
2191 3329 2322 3369 esse
2361 3314 2602 3382 quidem
2638 3315 2701 3369 in
2738 3315 3095 3383 perpetuum
3134 3327 3344 3368 secun·

782 3402 924 3456 dum
964 3400 1291 3470 praefatam
1327 3401 1523 3469 legem
1559 3401 1775 3457 liberos
1810 3405 1867 3456 et
1904 3401 2073 3457 nulla
2109 3402 2398 3457 deteriore
2435 3402 2782 3457 condicione
2809 3400 3201 3469 praegravari,
3223 3415 3346 3455 non

782 3494 988 3544 autem
1043 3488 1261 3543 habere
1314 3488 1624 3544 licentiam
1679 3488 1885 3543 relicto
1940 3503 2051 3544 suo
2106 3503 2243 3544 rure
2297 3490 2360 3544 in
2414 3489 2576 3545 aliud
2630 3489 2902 3557 migrare,
2956 3487 3060 3542 sed
3109 3501 3350 3555 semper

783 3576 976 3631 terrae
1012 3575 1386 3644 inhaereant,
1421 3590 1603 3644 quam
1642 3576 1829 3630 semel
1868 3575 2184 3631 colendam
2220 3577 2421 3645 patres
2458 3591 2667 3632 eorum
2703 3576 3116 3644 susceperunt.

854 3663 894 3732 ²)
934 3663 996 3717 L.
1031 3662 1118 3718 33.
1156 3662 1328 3718 cssrh.
1364 3662 1503 3718 XII.
1542 3664 1591 3717 1.
1646 3663 1939 3731 Quoniam
1994 3664 2335 3719 sublimitas
2389 3665 2496 3719 tua
2553 3663 2858 3732 suggessit
2910 3662 3138 3717 multos
3175 3662 3349 3717 decli·

783 3751 1023 3806 mantes
1079 3749 1364 3818 obsequia
1416 3750 1768 3819 machinari,
1826 3752 1898 3805 ut
1953 3751 2264 3819 privilegia
2318 3752 2400 3806 rei
2453 3751 2719 3820 privatae
2757 3752 2997 3806 nostrae
3034 3750 3352 3805 colonatus

775 3837 913 3906 J'ure
954 3837 1260 3892 sectantes
1295 3836 1611 3892 curialium
1651 3838 2101 3893 nominationes
2137 3838 2457 3904 declinent,
2495 3838 2820 3906 sancimus,
2857 3839 2944 3905 ut,
2981 3837 3351 3905 quicumque

786 3926 947 3981 ultra
970 3925 1184 3993 viginti
1211 3925 1477 3993 quinque
1503 3925 1718 3993 jugera
1737 3926 1969 3993 privato
1990 3925 2215 3980 domini
2235 3926 2550 3994 possidens
2568 3924 2919 3993 ampliorem
2938 3938 3096 3978 exre
3115 3924 3353 3992 privata

790 4014 999 4068 nostra
1044 4011 1443 4081 jugerationis
1495 4013 1744 4067 modum
1801 4012 2042 4068 cultura
2094 4014 2155 4067 et
2202 4012 2605 4067 sollicitudine
2642 4011 2875 4080 propria
2910 4011 3354 4079 gubernaverit,

784 4100 950 4155 omni
1005 4100 1457 4168 privilegiorum
1513 4099 1610 4154 vel
1658 4100 1905 4167 originis
1958 4099 2054 4154 vel
2114 4099 2440 4167 cujuslibet
2475 4098 2882 4154 excusationis
2917 4097 3165 4153 alterius
3198 4097 3352 4153 frus-

783 4187 1043 4242 tratione
1096 4187 1421 4252 summota,
1478 4186 1687 4241 curiali
1741 4187 2042 4242 consortio
2080 4186 2436 4244 vindicetur.
2474 4186 2584 4242 Illo
2619 4186 2805 4241 etiam
2842 4186 3039 4241 curiae
3076 4185 3355 4240 similiter

786 4274 1146 4344 deputandO,
1182 4274 1284 4342 qui
1321 4274 1526 4329 minus
1561 4274 1805 4343 quidem
1835 4288 2018 4342 quam
2040 4273 2254 4341 viginti
2273 4274 2904 4342 quinquejugerorum
2924 4272 3352 4341 proprietatem

786 4361 1020 4430 habeat,
1055 4375 1133 4415 ex
1171 4361 1350 4416 rebus
1384 4375 1525 4416 vero
1563 4361 1787 4416 nostris
1823 4360 1919 4415 vel
1955 4374 2207 4429 parvum
2246 4359 2341 4414 vel
2379 4359 3083 4428 min-oremjugerationis
3102 4358 3351 4414 modum

785 4448 987 4504 studio
1040 4448 1324 4503 cultionis
1376 4449 1637 4503 exercet.
1689 4447 1785 4502 Ita
1841 4449 1929 4515 ut,
1965 4447 2130 4503 omni
2177 4446 2384 4502 fraude
2422 4448 2743 4516 summota,
2779 4447 2830 4502 si
2865 4446 2968 4515 qui
3009 4446 3354 4502 venditione

786 4535 1074 4591 simulata
1129 4535 1526 4604 praescriptas
1579 4535 1709 4602 lege
1753 4534 1997 4589 minuat
2030 4533 2368 4604 facultateS‚
2406 4548 2601 4600 omne,
2639 4534 2796 4603 quod
2833 4532 3118 4589 simulata
3152 4533 3354 4588 vendi·

789 4622 952 4677 tione
986 4621 1061 4677 ad
1099 4621 1285 4676 alium
1325 4620 1655 4689 transtulit,
1692 4621 1820 4676 fisci
1861 4621 2051 4676 nostri
2089 4620 2318 4677 viribus
2352 4621 2713 4677 vindicetur.
2751 4620 2941 4688 Quam
2977 4634 3231 4689 poenam
3264 4619 3356 4675 illi

788 4708 970 4764 etiam
1009 4709 1418 4799 sustinebunt,
1454 4708 1556 4777 qui
1595 4708 1859 4780 captiosa
1894 4708 2329 4782 supplicatione
2366 4708 2564 4764 delata
2598 4707 2853 4778 speciale
2889 4707 3247 4777 rescriptum
3286 4706 3349 4761 in

789 4794 1064 4852 fraudem
1100 4795 1431 4851 sanctionis
1466 4795 1851 4851 extorserint.
