3770 5738
1704 515 1745 578 9

434 713 662 797 „ipsos
779 713 995 778 etiam
1088 713 1388 794 00101105,
1476 713 1594 793 qui
1671 712 1910 793 fugam
1989 713 2448 795 meditantur,
2523 713 2592 778 in
2666 714 2997 778 servilem

426 832 905 897 condicionem
922 832 1104 896 ferro
1125 831 1324 911 ligari
1343 832 1740 911 conveniet,
1759 833 1841 895 ut
1858 831 2098 910 officia,
2119 848 2296 912 quae
2321 831 2560 896 liberis
2578 834 2996 912 congruunt,

428 951 679 1015 merito
726 950 1006 1014 servilis
1055 949 1661 1014 condemnationis
1710 949 2224 1030 compellantur
2271 950 2607 1031 implere”
2639 945 2709 1026 1).

521 1068 874 1133 Plurimae
922 1071 1163 1133 autem
1215 1068 1764 1133 constitutiones
1812 1085 2073 1149 poenas
2121 1070 2483 1134 minantur
2532 1069 2619 1134 iis
2661 1069 2779 1148 qui
2830 1068 2998 1149 fugi-

431 1188 664 1252 tivum
735 1186 1060 1252 colonum
1130 1190 1598 1267 susceperunt
1661 1186 1951 1268 eJ'usque
2004 1188 2240 1254 labore
2289 1189 2397 1252 1151
2446 1190 2635 1252 sunt.
2687 1187 3001 1252 Primum

430 1306 533 1370 eis
580 1305 809 1370 multa
857 1305 1194 1369 solvenda
1240 1308 1353 1369 est
1401 1305 1589 1385 fisCO,
1641 1305 1843 1386 qu‘us
1869 1323 2146 1370 summa
2186 1306 2362 1371 alias
2388 1306 2526 1370 alia
2551 1282 2998 1370 memoratur.

432 1423 780 1488 Arcadius
838 1427 910 1488 et
960 1423 1316 1489 Honorius
1342 1440 1497 1488 eam
1523 1424 2055 1489 constit-uerunt
2080 1425 2218 1490 XII
2245 1426 2583 1490 librarum
2607 1425 2882 1505 argenti
2926 1420 2999 1500 2).

432 1543 621 1607 Alibi
678 1546 919 1607 autem
968 1542 1393 1607 discernitur
1440 1542 1628 1607 inter
1678 1543 1980 1607 multam
2028 1561 2204 1624 quae
2255 1561 2376 1624 pro
2426 1544 2669 1622 colono
2719 1543 2999 1624 privato

430 1665 504 1726 et
552 1678 729 1741 quae
777 1679 900 1742 pro
951 1661 1192 1726 colono
1242 1660 1719 1741 patrimoniali
1769 1662 1979 1743 pendi
2030 1661 2271 1743 debet3
2326 1662 2445 1727 illa
2493 1664 2866 1727 constabat
2895 1662 2997 1727 VI

438 1779 660 1844 unciis
706 1779 882 1861 auri,
933 1780 1103 1844 haec
1151 1779 1304 1844 auri
1349 1779 1527 1843 libra
1554 1773 1624 1853 ³).
1652 1780 1691 1843 J
1701 1780 2104 1844 ustinianus
2125 1779 2344 1860 jussit
2375 1796 2552 1860 quae
2578 1780 3006 1845 detrimenta

430 1897 790 1977 provincia
835 1897 1124 1963 fecisset
1172 1915 1255 1962 ea
1305 1899 1540 1963 omnia
1587 1898 2020 1963 detentatori
2072 1899 2587 1994 compensanda
2635 1915 2809 1978 0550,
2851 1898 3005 1963 sive

425 2023 487 2088 is
536 2033 895 2096 possessor
941 2017 1089 2097 ipse
1138 2019 1330 2082 esset
1377 2017 1643 2098 praedii
1693 2018 1845 2082 sive
1899 2018 2017 2097 qui
2066 2017 2220 2098 eJus
2269 2018 2497 2083 locum
2547 2019 2844 2098 teneret,
2894 2017 3002 2081 1.0.

439 2136 851 2216 procurator
899 2134 1009 2199 vel
1059 2136 1445 2200 conductor
1468 2130 1537 2212 4).
2509 2130 2512 2133 ’

519 2254 692 2318 Dein
763 2254 1055 2334 antiquo
1127 2253 1407 2318 domino
1477 2254 1883 2318 detentator
1955 2254 2330 2319 restituere
2400 2253 2608 2319 debet
2695 2271 2873 2335 quae
2945 2256 3006 2319 ei

435 2372 731 2452 eripuit;
818 2371 1161 2452 imprimis
1231 2372 1505 2437 scilicet
1574 2372 1959 2453 fugitivum
2036 2373 2267 2454 ipsum
2345 2372 2630 2437 reddere
2658 2368 2706 2452 5)
2794 2377 3007 2452 atque

439 2491 624 2556 hunc
672 2508 833 2556 cum
879 2491 1066 2555 omni
1115 2490 1266 2573 eius
1315 2491 1557 2556 subole
1604 2493 1818 2571 atque
1862 2491 2169 2572 peculio:
2201 2491 2382 2572 quod
2413 2491 2697 2556 valebat
2722 2491 3002 2556 etiamsi

506 2685 544 2753 ¹)
567 2685 629 2740 L.
651 2685 699 2740 1.
720 2683 896 2739 G.Th.
915 2683 985 2738 V.
1002 2686 1052 2740 9.
1082 2713 1132 2723 -
1164 2684 1300 2740 Alia
1313 2686 1444 2740 erat
1457 2684 1606 2740 ratio
1618 2685 1778 2753 apud
1791 2699 2016 2750 501105,
2030 2685 2147 2739 vid.
2162 2684 2225 2739 L.
2242 2685 2361 2740 225.
2376 2684 2500 2753 Dig.
2519 2684 2577 2739 L.
2595 2684 2678 2739 16.
2690 2683 3010 2752 Fugitivus

437 2774 529 2827 est
582 2787 705 2828 non
758 2773 831 2841 is,
884 2772 985 2841 qui
1040 2773 1238 2828 solum
1288 2773 1613 2828 consilium
1660 2772 1929 2841 fugiendi
1989 2788 2025 2828 a
2070 2773 2312 2828 domino
2350 2773 2633 2840 suscepit,
2669 2773 2812 2827 licet
2845 2772 2905 2828 id
2942 2786 3007 2827 se

435 2859 736 2916 facturum
767 2860 1106 2929 jactaverit,
1143 2860 1249 2917 sed
1286 2861 1389 2930 qui
1427 2860 1556 2930 ipso
1592 2859 1750 2916 facto
1787 2860 1963 2930 fugae
2003 2860 2248 2917 initium
2286 2861 2491 2916 mente
2525 2860 2905 2927 deduxerit3.
2932 2903 2943 2915 .
2975 2903 2986 2915 .

433 2950 495 3003 et
544 2948 677 3004 ideo
713 2947 1039 3017 fugitivum
1083 2963 1321 3017 quoque
1357 2950 1417 3004 et
1453 2962 1729 3004 erronem
1769 2963 1890 3004 non
1928 2949 2267 3004 secundum
2305 2947 2776 3018 propositionem
2813 2948 3004 3004 solam

437 3036 544 3091 sed
583 3050 724 3091 curn
761 3036 964 3105 aliquo
1000 3038 1141 3092 actu
1178 3036 1447 3106 intellegi
1485 3039 1743 3092 constat.

501 3125 542 3192 ¹)
580 3124 643 3178 L.
683 3124 750 3178 12
786 3123 845 3178 C.
881 3123 933 3179 J.
971 3123 1080 3179 XI.
1115 3124 1202 3179 48.
1240 3124 1301 3179 Si
1339 3124 1476 3192 quis
1510 3124 1695 3192 igitur
1728 3139 1807 3179 ex
1835 3123 2187 3179 memoratis
2213 3123 2484 3192 fugitivis
2501 3124 2661 3193 apud
2679 3124 3012 3192 quemlibet

435 3212 616 3267 fuerit
653 3213 944 3280 repertus,
983 3211 1297 3266 duodecim
1334 3211 1516 3266 libras
1552 3211 1787 3280 argenti
1824 3211 1969 3266 fisco
2007 3210 2469 3289 nostra-,inferat
2501 3211 2862 3266 detentator.

507 3300 548 3365 ⁸)
604 3300 666 3355 L.
721 3299 773 3353 2.
828 3298 995 3354 C.Th.
1045 3298 1116 3353 V.
1151 3299 1202 3354 9.
1242 3299 1525 3367 Quisquis
1561 3300 1841 3355 colonum
1876 3299 2034 3367 juris
2070 3298 2249 3354 alieni
2287 3301 2398 3354 aut
2434 3298 2856 3354 sollicitatione
2881 3312 3008 3353 sus·

437 3387 659 3455 ceperit
692 3388 803 3442 aut
839 3386 1241 3441 occultatione
1280 3386 1580 3453 celaverit,
1615 3401 1718 3454 pro
1757 3400 1843 3454 e0,
1880 3385 1984 3454 qui
2013 3386 2285 3455 privatus
2303 3386 2436 3454 erit,
2473 3400 2583 3441 sex
2631 3386 2762 3441 auri
2783 3385 3009 3450 uncias,

435 3488 538 3542 pro
597 3488 685 3541 00,
739 3474 843 3542 qui
896 3473 1349 3541 patrimonialis
1387 3473 1599 3528 libram
1636 3473 1768 3528 auri
1805 3476 2055 3542 cogatur
2088 3473 2326 3528 inferre.
2371 3504 2423 3512 —
2466 3473 2825 3528 Extremum
2862 3473 3011 3528 illud

436 3562 730 3631 repetitur
778 3561 872 3616 in:
906 3561 968 3615 L.
1005 3561 1056 3615 2.
1094 3561 1154 3615 C.
1189 3559 1240 3614 J.
1281 3561 1389 3615 XI.
1426 3561 1512 3615 64.
1551 3560 1833 3629 Quisquis
1872 3560 2157 3616 colonum
2196 3560 2677 3630 patrimonialem
2715 3562 2823 3615 aut
2857 3560 3010 3615 solli·

437 3650 721 3705 citatione
751 3649 1087 3718 susceperit
1122 3651 1229 3705 aut
1264 3648 1667 3704 occultatione
1705 3648 2006 3718 celaverit,
2046 3664 2165 3704 non
2202 3649 2400 3704 solum
2441 3648 2640 3717 ipsum
2678 3648 3014 3703 restituere,

439 3738 544 3792 sed
582 3737 766 3791 etiam
802 3736 1014 3791 libram
1052 3736 1184 3791 auri
1221 3750 1447 3805 poenae
1487 3736 1731 3791 nomine
1769 3739 2021 3805 cogatur
2056 3736 2291 3791 inferre.

503 3825 549 3890 ⁴)
612 3823 762 3878 Nov,
799 3823 957 3878 Just.
995 3822 1190 3879 XVII.
1229 3838 1358 3892 cap.
1393 3824 1476 3878 14.
1514 3823 1629 3878 Sed
1668 3823 1854 3878 etiam
1895 3823 2297 3892 suscipientes
2334 3823 2563 3878 alienos
2598 3821 2887 3890 agricolas
2925 3821 3011 3876 sic

438 3911 569 3966 odio
607 3911 869 3975 habebis
907 3911 993 3965 sic
1030 3910 1371 3979 compelles,
1410 3911 1529 3966 cito
1566 3910 1810 3965 reddere
1846 3910 2007 3979 quod
2045 3910 2392 3979 suscipiunt
2424 3909 2598 3977 male,
2636 3912 2722 3977 ut,
2759 3908 2809 3964 si
2833 3909 3010 3977 pluri·

440 4013 605 4054 mum
647 3999 984 4053 manserint
1016 3997 1484 4067 inoboedienteS,
1521 4012 1700 4054 omne
1737 3997 2029 4066 quidquid
2067 4011 2224 4053 onus
2261 3997 2600 4066 provinciae
2638 3998 2749 4064 est,
2788 3996 2873 4052 sic
2893 3995 3012 4052 illis

439 4085 921 4154 possessionibus
973 4085 1292 4154 imponens
1296 4126 1490 4140 ......
1547 4084 1908 4154 competens
1963 4087 2058 4139 est
2094 4085 2259 4140 enirn
2301 4084 2445 4139 talia
2482 4084 2833 4139 studentem
2871 4083 3012 4139 hinc

439 4187 596 4228 onus
661 4175 724 4227 et
787 4187 988 4228 rerum
1051 4172 1517 4228 diminutionem
1572 4173 1634 4228 in
1695 4187 1808 4227 sua
1861 4171 2151 4228 facultate
2204 4185 2581 4240 cognoscere,
2644 4172 2712 4226 ut
2761 4171 3012 4227 minora·

441 4262 545 4316 tus
600 4263 936 4329 cognoscat,
991 4264 1291 4329 quantum
1349 4261 1444 4315 est
1500 4260 1734 4316 laedere
1795 4261 1856 4315 et
1911 4259 2257 4328 delinquere
2311 4260 2375 4314 in
2427 4259 2594 4314 alios.
2632 4259 2759 4315 Hoc
2812 4260 3014 4328 ipsum

441 4362 550 4416 age
603 4347 730 4402 sive
785 4348 1024 4417 praedia
1082 4348 1462 4417 possidentes
1516 4348 1574 4402 in
1629 4348 1936 4416 provincia
1971 4347 2111 4416 sint,
2150 4347 2279 4402 sive
2314 4346 2655 4415 aliquorum
2691 4345 2825 4402 aliis
2860 4361 3015 4402 com·

443 4434 719 4504 pontium
754 4437 1188 4504 gubernatores
1224 4435 1368 4490 sint.
1427 4435 1674 4504 Oportet
1712 4435 1876 4490 enim
1915 4436 1978 4490 et
2014 4448 2389 4503 possessores
2425 4434 2529 4489 illa
2563 4433 2761 4489 solum
2799 4434 3017 4489 habere

356 4573 380 4590 ,
446 4536 601 4591 quae
635 4523 721 4578 eis
759 4523 861 4577 dat
896 4523 1013 4591 lex,
1051 4525 1114 4578 et
1148 4523 1583 4591 gubernatores
1620 4522 1957 4577 alienarum
1995 4521 2116 4577 illis
2151 4535 2427 4591 praeesse
2447 4520 2843 4590 solummodo,
2862 4536 3015 4590 quae

446 4623 552 4677 per
605 4610 1063 4665 conductionem
1108 4611 1199 4665 vel
1236 4609 1424 4664 alium
1462 4609 1804 4678 legitimum
1842 4609 1930 4664 eis
1965 4611 2113 4664 sunt
2148 4609 2371 4664 tradita
2405 4609 2671 4676 modurn,
2707 4609 3018 4664 extraneis

449 4697 654 4751 autem
686 4697 1006 4765 abstinere,
1044 4698 1106 4752 et
1145 4711 1265 4752 non
1305 4696 1614 4765 providere
1650 4696 1897 4764 quidem
1934 4696 2083 4766 01115,
2104 4697 2339 4752 laedere
2358 4709 2498 4750 vero
2518 4694 2668 4750 alios
2687 4697 2751 4751 et
2774 4696 3019 4752 sibimet

452 4781 684 4839 lucrum
718 4783 973 4852 impium
1015 4783 1157 4839 hinc
1193 4784 1516 4852 acquirere.

528 4867 564 4920 ⁸.
606 4869 664 4925 L.
695 4871 745 4926 2.
782 4871 843 4927 C.
869 4870 922 4926 J.
958 4871 1067 4927 XI.
1102 4873 1171 4927 64
1192 4912 1344 4927 .....
1382 4886 1504 4926 11011
1541 4868 1740 4925 50111111
1777 4869 1981 4939 ipsum
2020 4871 2341 4926 restituere
2345 4911 2504 4927 .....
