3770 5738
1982 503 2109 566 114

754 699 1040 764 Mensch
1107 700 1224 764 ist.
1323 700 1410 764 Er
1458 699 1838 764 verschafft
1887 701 2037 765 sich
2087 700 2212 765 das
2260 698 2734 782 Selbstgefuhl
2782 703 3014 767 seines
3058 702 3307 768 Unter·

754 818 1028 883 schieds
1097 804 1235 883 von
1307 819 1542 899 ihnen,
1612 818 1846 882 indem
1910 836 1984 884 er
2035 819 2135 883 sie
2186 820 2654 885 misshandelt
2707 822 2847 885 und
2897 837 3024 885 con
3075 838 3309 887 amore

755 937 1189 1001 verwustet”
1222 932 1289 1012 1).
1361 936 1562 1001 Hanc
1615 937 2125 1017 experientiam
2179 937 2394 1002 etiam
2442 939 2754 1017 antiquis
2800 942 3044 1004 notam
3090 940 3309 1005 fuisse

751 1058 1045 1136 apparet
1098 1072 1186 1119 ex
1233 1054 1521 1119 consilio
1572 1054 2015 1134 columellae,
2076 1054 2441 1119 suadentis
2485 1058 2567 1120 ut
2607 1055 2985 1137 longinqua
3026 1059 3309 1138 praedia

751 1173 1089 1237 locentur.
1192 1172 1311 1256 „In
1362 1172 1760 1253 longinquis
1807 1175 2045 1237 tamen
2094 1173 2354 1253 fundiS,
2403 1174 2473 1237 in
2523 1190 2697 1253 quos
2744 1191 2881 1239 non
2930 1178 3043 1239 est
3083 1175 3308 1239 facilis

750 1309 1090 1356 excursus
1160 1291 1714 1373 patrisfamiliae,
1785 1309 1945 1355 cum
2017 1308 2220 1355 omne
2269 1308 2489 1372 genus
2534 1292 2684 1372 agri
2729 1292 3164 1357 tolerabilius
3212 1294 3307 1356 sit

749 1411 879 1474 sub
952 1409 1188 1473 liberis
1259 1409 1525 1474 colonis
1580 1426 1789 1490 quam
1843 1409 1974 1472 sub
2024 1408 2277 1473 villicis
2326 1410 2554 1474 servis
2604 1410 3060 1492 habere,tum
3111 1428 3307 1491 prae·

748 1530 949 1611 cipue
995 1528 1556 1609 frumentarium,
1606 1545 1812 1608 quem
1860 1528 2147 1591 minime
2198 1528 2406 1606 (sicut
2455 1528 2700 1592 vineas
2746 1531 2874 1592 aut
2910 1529 3305 1605 arbustum)

747 1648 1034 1713 colonus
1105 1650 1424 1712 evertere
1499 1648 1754 1727 potest,
1827 1649 1901 1710 et
1969 1646 2274 1725 maxime
2343 1649 2612 1711 vexant
2658 1646 2866 1727 servi,
2916 1647 3035 1726 qui
3083 1647 3301 1710 boves

750 1766 1027 1831 elocant
1079 1766 1496 1845 eosdemque
1544 1767 1618 1828 et
1665 1769 1902 1828 cetera
1948 1781 2197 1843 pecora
2221 1763 2402 1828 male
2452 1767 2773 1845 pascunt,
2802 1780 2929 1828 nec
2956 1764 3301 1829 industrie

742 1887 1006 1949 terram
1077 1885 1393 1964 vertunt,
1465 1882 1803 1961 longeque
1873 1881 2033 1961 plus
2104 1882 2464 1963 imputant
2536 1882 2824 1946 seminis
2869 1882 3045 1962 jacti
3092 1899 3299 1963 quam

743 2004 924 2084 quod
974 2003 1323 2082 severint-,3
1375 2001 1495 2065 sed
1547 2017 1671 2064 nec
1722 2000 1902 2080 quod
1949 2002 2181 2064 terrae
2229 2001 2739 2064 mandaverant
2785 2001 2884 2064 sic
2932 2000 3299 2083 adjuvant,

747 2124 828 2185 ut
877 2124 1066 2185 recte
1118 2120 1519 2200 proveniat3
1547 2119 1751 2200 idque
1777 2136 1937 2182 cum
1963 2118 2033 2181 in
2059 2135 2294 2182 aream
2319 2118 2795 2197 contulerunt,
2823 2135 2945 2199 per
2969 2118 3299 2183 trituram

742 2239 1051 2320 quotidie
1122 2238 1452 2303 minuunt
1523 2237 1636 2301 vel
1708 2235 1951 2300 fraude
2022 2237 2135 2300 vel
2206 2236 2670 2317 neglegentia.
2768 2235 2948 2301 Nam
3017 2239 3091 2301 et
3164 2237 3298 2317 ipsi

743 2358 1101 2438 diripiunt,
1158 2360 1232 2420 et
1277 2356 1366 2420 ab
1413 2354 1571 2420 aliis
1618 2355 1890 2418 furibus
1937 2371 2075 2418 non
2129 2354 2561 2435 custodiunt,
2616 2354 2738 2419 sed
2789 2371 2915 2418 nec
2939 2354 3298 2419 conditum

748 2493 907 2540 cum
976 2475 1109 2538 fide
1180 2474 1571 2538 rationibus
1641 2471 1976 2537 inferunt.
2049 2472 2157 2536 Ita
2227 2472 2308 2536 fit
2375 2475 2455 2536 ut
2525 2475 2599 2536 et
2667 2477 2863 2537 actor
2915 2476 2988 2537 et
3033 2471 3298 2536 familia

744 2595 1056 2675 peccent,
1152 2595 1224 2656 et
1316 2608 1479 2672 ager
1572 2591 1850 2671 saepius
1941 2590 2340 2654 infametur.
2459 2589 2683 2671 Quare
2759 2590 2929 2654 talis
3023 2590 3296 2670 generis

743 2711 1122 2792 praedium,
1187 2711 1270 2791 si,
1334 2712 1416 2773 ut
1463 2709 1630 2790 dixi,
1681 2708 1941 2773 domini
1988 2708 2386 2788 praesentia
2434 2708 2820 2772 cariturum
2867 2711 2999 2789 est,
3047 2725 3296 2772 censeo

741 2828 1154 2895 locandum’'
1184 2825 1256 2905 2).
1355 2829 1441 2893 Et
1511 2828 1628 2909 qui
1700 2844 1904 2907 agros
1976 2825 2133 2891 vult
2205 2843 2458 2909 emere,
2533 2826 2599 2891 id
2650 2827 2719 2891 in
2769 2826 3026 2891 vicinia
3071 2825 3298 2891 facere

637 3018 642 3025 ,
740 2949 967 3013 debet.
1068 2947 1287 3032 „Nam
1357 2947 1474 3028 qui
1527 2947 1924 3027 longinqua,
1974 2963 2061 3023 ne
2112 2945 2339 3010 dicam
2387 2947 2863 3031 transmarina
2909 2963 3073 3010 rura
3121 2962 3301 3009 mer-

738 3069 1010 3148 cantur,
1106 3066 1307 3130 velut
1401 3064 1820 3129 haeredibus
1890 3064 2310 3145 patrimonio
2383 3081 2533 3143 suo,
2600 3066 2674 3128 et
2749 3063 2929 3144 quod
3007 3065 3293 3143 gravius
3334 3066 3343 3073 '

734 3188 865 3266 est,
912 3185 1058 3248 vivi
1106 3184 1366 3247 cedunt
1414 3183 1640 3247 servis
1688 3182 1867 3261 suis3
1922 3182 2250 3261 quoniam
2298 3182 2577 3262 quidem
2620 3185 2693 3246 et
2742 3181 2843 3245 illi
2890 3185 3041 3247 tam
3088 3182 3293 3262 longa

733 3303 1170 3367 dominorum
1242 3300 1582 3365 distantia
1648 3302 2214 3379 corrumpuntur,
2292 3303 2364 3365 et
2437 3276 2750 3380 corrupti
2796 3304 2956 3380 post
3004 3300 3292 3380 flagitia,

732 3437 908 3501 quae
948 3421 1469 3500 commiserunt,
1507 3419 1637 3482 sub
1676 3418 2206 3498 exspectatione
2245 3435 2747 3500 successorum,
2776 3419 3041 3499 rapinis
3064 3418 3289 3497 magis

730 3538 938 3620 quain
1009 3538 1325 3602 culturae
1373 3536 1710 3601 student”
1740 3532 1809 3611 3).
1906 3536 2142 3616 Atque
2191 3537 2317 3600 hoc
2366 3536 2629 3611 malum
2677 3553 2758 3601 eo
2807 3537 3091 3615 gravius
3138 3539 3292 3600 erat

728 3656 1057 3736 quoniam
1076 3654 1438 3719 debilitate
1456 3654 2088 3717 instrumentorum
2111 3656 2466 3717 mutorum
2485 3654 2711 3718 multo
2729 3654 2988 3733 majore
3001 3670 3291 3718 numero

728 3776 1356 3839 instrumentorum
1406 3771 1752 3835 vocalium
1800 3788 1975 3852 opus
2021 3773 2208 3835 erat:
2258 3772 2345 3836 ad
2394 3772 2692 3835 eundem
2738 3773 2922 3836 enim
2945 3789 3191 3851 agrum
3218 3775 3292 3836 et

727 3892 912 3956 idem
982 3908 1156 3972 opus
1215 3890 1426 3970 triplo
1474 3890 1620 3953 fere
1667 3889 1986 3969 pluribus
2033 3889 2261 3968 operis
2308 3906 2483 3969 opus
2529 3892 2681 3954 erat
2729 3906 2936 3970 quam
2985 3889 3191 3954 hodie
3215 3884 3289 3972 ⁴).

820 4010 1184 4073 Adversus
1248 4009 1415 4072 haec
1465 4006 1903 4071 incommoda
1951 4008 2244 4086 magnae
2293 4006 2612 4071 culturae
2674 4043 2736 4053 —
2799 4008 2978 4088 quod
3032 4008 3286 4072 instru-

726 4132 965 4193 menta
1011 4128 1312 4191 habebat
1360 4143 1496 4190 non
1547 4125 1854 4206 meliora,
1905 4129 1979 4189 et
2018 4141 2270 4204 genere
2311 4141 2678 4206 operarum
2703 4128 2855 4190 erat
2880 4126 3184 4191 deterior
3213 4163 3275 4172 —-

728 4247 1089 4311 commoda
1158 4244 1501 4325 quaedam
1571 4245 1869 4324 possunt
1936 4243 2353 4323 enumerari,
2425 4244 2679 4323 quibus
2726 4243 2877 4308 fieri
2924 4245 3158 4325 potuit
3206 4246 3288 4308 ut

726 4363 1154 4445 aliquamdiu
1202 4365 1414 4443 atque
1462 4362 1719 4442 partim
1769 4363 1838 4425 in
1887 4361 2321 4441 agricultura
2366 4366 2711 4443 regnaret.
2800 4362 3111 4427 Primum
3159 4363 3288 4427 hoc

794 4514 835 4581 ¹)
871 4513 1078 4580 MARx,
1115 4512 1236 4567 Das
1272 4510 1518 4580 Kapital
1555 4510 1601 4564 Ι.
1636 4511 1659 4542 ⁴
1695 4524 1749 4579 p.
1791 4510 1911 4565 159.
1947 4510 2086 4566 adn.
2122 4511 2205 4565 17.

759 4592 762 4595 ’
807 4602 848 4670 ¹)
885 4600 1113 4656 comm.
1149 4599 1194 4655 1.
1232 4599 1283 4654 7.
1318 4599 1371 4653 6.

794 4688 815 4721 8

791 4704 835 4841 *ς
871 4686 1696 4829 Quffosss‘fxssnswxnsichten
1734 4772 1839 4827 der
1875 4772 2404 4828 Volkswirtsohast
2441 4788 2553 4828 aus
2589 4773 2728 4828 dem
2764 4772 3280 4841 geschichtlichen

723 4862 1169 4931 Standpunkte.
1206 4862 1296 4915 ed.
1340 4861 1530 4915 altera
1565 4874 1620 4929 p.
1657 4860 1740 4930 16,
1778 4861 1870 4928 173
1908 4860 2065 4916 laud.
2104 4861 2280 4929 apud.
2300 4860 2539 4931 Quacx,
2558 4860 2631 4916 de
2651 4861 3024 4916 Socialisten.
3054 4860 3283 4929 1.p.42.
