3770 5738
1953 500 2079 564 126

742 701 915 782 legis
963 700 1322 765 Hadriana
1367 701 1744 764 occurrunt
1769 695 1844 780 ¹),
1897 699 2094 763 valet
2133 698 2248 763 lex
2273 697 2612 778 quaedam
2639 696 2995 763 Hadriana
3021 700 3092 777 ²),
3119 713 3291 779 quae

745 821 1034 885 dubium
1090 819 1214 883 vix
1259 822 1371 883 est
1415 818 1583 899 quin
1654 818 1742 882 ab
1791 817 2149 882 Hadriano
2198 817 2615 898 imperatore
2662 817 2828 881 data
2873 817 2969 881 sit
2996 811 3066 892 3).

838 938 1059 1020 Quam
1128 938 1248 1002 diu
1318 937 1546 1002 coloni
1617 936 1909 1017 obligati
1957 936 2224 1001 fuerint
2271 938 2353 1000 ut
2400 936 2470 999 in
2519 936 2821 1000 saltibus
2867 952 3042 1016 opus
3089 952 3294 998 suum

748 1058 1042 1139 obirent,
1138 1057 1220 1121 de
1312 1058 1442 1121 hac
1537 1072 1610 1120 re
1703 1055 2100 1135 fragmenta
2191 1055 2461 1119 tradita
2553 1055 2726 1118 nihil
2799 1054 3156 1134 referunt3
3230 1053 3293 1117 id

748 1179 1032 1241 tantum
1126 1191 1247 1255 pro
1336 1177 1529 1239 certo
1622 1174 1947 1238 affirmari
2022 1176 2256 1253 potest
2320 1173 2439 1253 Jus
2510 1190 2749 1237 eorum
2824 1171 3299 1252 proficiscendi

748 1294 1101 1373 integrum
1149 1293 1512 1357 mansisse.
1563 1292 1926 1357 Habemus
1976 1292 2166 1356 enim
2214 1309 2305 1355 ex
2329 1292 2787 1371 inscriptione
2814 1291 2971 1372 pagi
2993 1290 3301 1354 Henchir

750 1411 1041 1476 Mettich
1091 1411 1562 1475 constitutum
1611 1409 1981 1490 quoddam,
2029 1411 2110 1473 ut
2136 1409 2525 1489 quiagrum
2552 1409 2897 1473 incultum
2927 1408 3299 1473 colendum

751 1531 1161 1610 susceperit,
1233 1529 1356 1593 sed
1411 1528 1568 1593 dein
1619 1528 1972 1592 culturam
2020 1527 2404 1608 reliquerit,
2444 1528 2565 1608 jus
2610 1545 2818 1592 suum
2865 1527 3132 1592 colendi
3181 1544 3305 1608 per

752 1631 927 1712 duos
973 1665 1197 1712 annos
1243 1649 1519 1727 servet-‚3
1568 1663 1704 1726 quo
1750 1649 2064 1726 tempore
2115 1645 2313 1710 finito
2362 1646 2744 1710 conductor
2789 1663 3031 1726 agrum
3074 1646 3303 1710 denuo

751 1767 976 1830 locare
1048 1766 1256 1830 debet
1281 1760 1351 1841 ⁴).
1447 1763 1580 1829 Sed
1655 1781 1745 1829 ex
1795 1765 2038 1844 ipsius
2104 1764 2202 1827 rei
2275 1767 2534 1828 natura
2602 1764 2923 1844 sequitur
2968 1763 3304 1828 sollemne

749 1883 967 1949 fuisse
1015 1901 1135 1948 eos
1186 1886 1312 1948 aut
1362 1883 1756 1947 diutissime
1804 1885 1932 1947 aut
1979 1899 2102 1963 per
2154 1884 2381 1946 totam
2408 1883 2632 1946 vitam
2658 1883 2730 1946 in
2755 1882 2999 1947 eodem
3022 1881 3304 1963 praedio

752 2002 1242 2083 permansisse.
1298 1979 1467 2086 „Ein
1496 2001 1992 2065 wesentliches
2016 2000 2354 2065 Merkmal
2380 2001 2501 2065 der
2526 1999 3173 2065 Anteilwirtschaft
3201 2048 3215 2062 .
3245 2049 3258 2060 .
3290 2049 3305 2063 .

754 2121 869 2201 ist,
920 2112 1091 2184 dasz
1134 2121 1242 2184 bei
1289 2120 1398 2184 ihr
1442 2120 1597 2184 eine
1625 2120 1999 2199 begrenzte
2043 2119 2484 2183 Pachtdauer
2509 2136 2643 2183 von
2673 2119 3086 2184 vornherein
3111 2118 3310 2182 nicht

754 2239 1181 2320 vorgesehen
1259 2238 1455 2302 wird.
1514 2237 1651 2302 Der
1697 2237 2001 2318 Vertrag
2047 2238 2229 2302 lauft
2288 2275 2350 2282 —-
2403 2254 2481 2302 so
2529 2237 2679 2302 fern
2731 2237 2854 2301 das
2900 2235 3310 2301 Verhaltnis

754 2359 971 2422 durch
1018 2358 1173 2422 eine
1223 2363 1336 2434 (an
1386 2357 1791 2422 bestimmte
1839 2356 2116 2420 Fristen
2164 2357 2598 2436 gebundene)
2636 2355 3063 2436 Kundigung
3111 2355 3309 2419 nicht

753 2477 979 2557 gelost
1048 2476 1224 2541 wird
1298 2513 1381 2521 —
1454 2476 1702 2539 immer
1765 2475 2012 2539 weiter
2061 2474 2203 2540 fort
2235 2524 2249 2538 .
2280 2524 2338 2538 ..
2389 2474 2556 2539 Dies
2602 2473 2822 2538 findet
2880 2473 3076 2538 darin
3119 2473 3310 2537 seine

755 2594 1145 2682 natnrljche
1192 2592 1679 2673 Begrundung,
1729 2592 1898 2657 dasz
1948 2593 2068 2657 der
2096 2610 2187 2657 an
2213 2593 2371 2656 dem
2396 2592 2824 2672 Rohertrage
2851 2590 3309 2656 unmittelbar

755 2711 1114 2793 beteiligte
1202 2710 1567 2776 Teilbauer
1651 2711 1848 2776 mehr
1923 2711 2151 2791 Pflege
2222 2712 2362 2775 und
2439 2710 2746 2791 Sorgfalt
2816 2710 2974 2775 dem
3044 2709 3310 2774 Grund-

757 2830 966 2895 stiick
1017 2830 1330 2911 widmet,
1386 2847 1592 2894 wenn
1643 2846 1717 2894 er
1766 2829 2048 2911 langere
2096 2829 2252 2894 Zeit
2304 2829 2433 2894 auf
2471 2829 2868 2894 demselben
2923 2847 3012 2893 zu
3036 2827 3307 2893 bleiben

757 2949 1054 3013 erhofft'’
1083 2948 1157 3032 5).
1228 2948 1423 3013 Idem
1491 2948 1786 3013 efficitur
1854 2966 1943 3012 ex
1994 2949 2502 3013 constitutione
2555 2948 2730 3029 legis
2779 2947 3176 3012 Hadrianae
3228 2951 3311 3011 ut

758 3068 875 3146 qui
921 3085 1167 3147 agrum
1215 3057 1563 3131 incult’um
1587 3067 1958 3140 colendum
1983 3068 2392 3148 susciperet,
2420 3067 2710 3131 haberet
2738 3066 2888 3151 „jus
2913 3065 3308 3148 possidendi

758 3203 837 3249 ac
883 3184 1158 3249 fruendi
1205 3186 1553 3266 heredique
1596 3204 1716 3249 suo
1763 3182 2179 3267 relinquendi
2204 3180 2279 3267 6).

849 3303 1292 3367 Putaverunt
1355 3303 1693 3381 nonnulli,
1743 3304 1910 3367 haec
1958 3307 2291 3387 extrema·
2325 3304 2539 3367 verba
2585 3302 2925 3383 imprimis
2950 3302 3312 3383 respicien·
3410 3384 3424 3401 ·

757 3425 890 3503 teS,
954 3422 1131 3486 hanc
1201 3421 1567 3486 locationis
1632 3423 1999 3504 rationem,
2070 3421 2351 3501 qualem
2420 3422 2912 3502 inscriptiones
2974 3421 3043 3484 in
3085 3420 3312 3484 lucem

830 3722 870 3789 ¹)
908 3720 986 3775 II.
1036 3720 1191 3775 3—6.
1245 3720 1454 3775 Saltus
1505 3702 1897 3789 BlandianuS,
1959 3721 2234 3791 UdensiS‚
2291 3704 2634 3789 Lamianus,
2692 3721 3090 3789 DomitianuS,
3127 3718 3311 3774 Thus·

763 3807 1057 3862 dritanuS.

830 3896 871 3957 ²)
909 3894 969 3949 C.
1004 3895 1052 3949 I.
1088 3894 1150 3949 L.
1191 3894 1378 3950 10570.
1414 3895 1520 3950 ΠΙ.
1556 3897 1607 3950 4.
1646 3896 1849 3964 kapite
1885 3896 2037 3964 legis
2072 3895 2396 3951 Hadriane.

829 3986 953 4037 Ara
987 3982 1134 4051 legis
1169 3982 1509 4037 Hadrianae
1559 3983 1606 4037 I.
1637 3983 1689 4037 8.
1727 3984 1850 4051 (ad)
1887 3984 2235 4052 exemplum
2272 3983 2422 4051 legis
2458 3982 2817 4037 Hadrianae.

831 4069 872 4133 ⁸)
910 4069 1217 4124 Demnach
1273 4070 1514 4124 scheint
1566 4069 1856 4136 Hadrian,
1913 4070 2070 4124 wohl
2126 4071 2218 4124 bei
2275 4071 2476 4124 seiner
2520 4068 2961 4133 Anwesenheit
3000 4069 3063 4122 in
3100 4057 3314 4123 Afrilia

762 4157 847 4210 im
882 4156 935 4211 J.
973 4157 1075 4228 123
1108 4157 1250 4212 oder
1286 4158 1404 4226 128,
1440 4157 1576 4212 eine
1613 4157 2027 4212 ausfnhrliche
2065 4156 2659 4223 Domanenordnung
2693 4156 2955 4211 erlassen
2994 4170 3067 4210 zu
3090 4155 3314 4209 haben:

762 4244 859 4299 ein
913 4257 1101 4298 neuer
1153 4244 1386 4299 Beweis
1438 4243 1535 4299 fur
1570 4244 1663 4299 die
1702 4244 2087 4299 umsassende
2127 4244 2661 4319 Reformtatigkeit
2698 4243 2892 4297 dieses
2929 4242 3175 4297 Kaisers
3212 4241 3319 4296 auf

761 4330 918 4385 allen
978 4330 1267 4386 Gebieten
1329 4331 1432 4385 der
1492 4330 1928 4399 Verwaltung-
1967 4316 2388 4398 Hmscumnn‘,
2467 4330 2574 4385 Die
2634 4331 2784 4385 kaiS.
2865 4329 3311 4397 Verwaltungs·

764 4418 1061 4472 beamten.
1121 4433 1177 4486 p.
1231 4418 1349 4472 123.
1402 4418 1484 4472 Cf.
1529 4417 1674 4472 Vita
1710 4419 2021 4473 Hadriani.
2059 4420 2144 4473 20.
2182 4432 2392 4473 omnes
2430 4417 2698 4485 publicas
2735 4417 3002 4471 rationes
3038 4417 3125 4470 ita
3162 4430 3312 4470 com-

764 4503 982 4572 plexus
1030 4507 1124 4559 est
1173 4511 1245 4559 ut
1281 4506 1526 4560 domum
1564 4507 1860 4574 privatam
1901 4507 2101 4575 quivis
2136 4509 2306 4575 pater
2342 4504 2602 4559 familias
2639 4519 2760 4559 non
2798 4505 2994 4559 setius
3030 4504 3219 4563 nor1t;
3252 4533 3304 4540 -

763 4591 827 4645 et
865 4591 926 4646 L.
961 4590 1014 4645 Β.
1048 4591 1082 4658 5
1118 4592 1169 4646 6.
1205 4592 1336 4660 Dig.
1372 4593 1455 4647 12.
1495 4594 1576 4647 14.
1612 4593 1768 4659 (vide
1805 4593 1991 4648 etiam
2028 4608 2082 4662 p.
2122 4594 2260 4658 148.)

833 4678 875 4741 ⁴)
913 4677 1014 4733 IV.
1053 4679 1275 4733 15-22.
2336 4682 2347 4695 ‘

837 4765 876 4834 ⁶)
913 4764 1311 4836 Wasznrsm,
1344 4767 1753 4836 Bodenpacht.
1791 4781 1843 4835 p.
1887 4769 2003 4822 155.

836 4853 875 4917 ⁸)
913 4852 990 4907 11.
1024 4853 1060 4907 9
1095 4855 1158 4908 et
1197 4855 1279 4909 10.
