3770 5738
1690 497 1812 561 141

451 697 771 777 agebant,
820 698 904 759 ut
949 701 1215 759 certam
1262 694 1604 760 mercedis
1645 661 2004 758 ’summam
2054 664 2472 774 acciperent,
2515 710 2723 775 quam
2752 693 3011 757 Romae

451 830 855 879 consumere
932 813 1275 894 solebant,
1350 815 1721 893 postquam
1799 813 1871 876 in
1921 812 2205 893 praedia
2257 828 2386 876 sua
2432 812 2814 893 redierunt,
2864 810 3012 875 fieri

451 934 726 1013 poterat
793 935 877 995 ut
948 931 1298 996 utilitates
1368 930 1591 1012 ipsius
1656 929 1757 994 rei
1789 930 2096 995 rusticae
2143 929 2368 1010 magis
2423 932 2913 1011 spectarentur
2943 924 3011 1009 1).

451 1050 648 1117 Nova
720 1050 1038 1116 culturae
1094 1019 1273 1115 ratio
1321 1049 1935 1115 introducebatur:
1985 1066 2151 1129 ager
2201 1049 2384 1113 circa
2433 1048 2678 1113 villam
2726 1049 2811 1113 ab
2861 1048 3011 1129 ipso

454 1169 728 1234 domino
797 1169 936 1246 (vel
1014 1168 1225 1249 huJus
1296 1166 1585 1248 vicario)
1657 1184 1784 1249 ope
1846 1167 2436 1232 mercenariorum
2486 1167 2597 1231 vel
2647 1183 3014 1232 servorum

452 1288 929 1368 exercebatur,
976 1286 1227 1367 reliqui
1271 1286 1442 1369 agri,
1492 1287 1563 1349 in
1590 1285 1979 1367 particulas
2007 1286 2239 1365 divisi,
2268 1285 2532 1349 colonis
2560 1285 3012 1367 locabantur;

451 1405 619 1471 haec
712 1404 1030 1470 culturae
1125 1405 1305 1469 ratio
1382 1405 1452 1469 iu
1522 1404 1919 1468 latifundiis
1987 1406 2222 1468 aetate
2293 1403 2741 1483 imperatoria
2809 1404 3019 1468 solita

452 1523 608 1604 fuit,
680 1523 785 1587 uti
850 1525 1143 1604 apparet
1206 1540 1295 1588 ex
1366 1522 1675 1603 Digestis
1703 1518 1775 1598 2).
1854 1521 2130 1587 Colonis
2201 1522 2575 1603 opponitur
2637 1522 3018 1586 conductor

453 1637 1099 1723 (g1·ootpachter)³),
1178 1641 1295 1722 qui
1366 1658 1523 1705 oum
1592 1640 1859 1705 familia
1905 1657 2269 1705 servorum
2314 1640 2534 1721 ipsius
2575 1639 2785 1705 villae
2811 1656 3017 1705 curae

458 1762 752 1841 praeest.
828 1757 960 1823 Sed
1027 1759 1096 1823 hi
1145 1776 1280 1824 non
1335 1758 1725 1840 sufficiunt;
1775 1761 2265 1840 praeterquam
2314 1759 2496 1823 enim
2548 1759 2727 1838 quod
2778 1774 3018 1824 eorum

457 1880 679 1942 morte
726 1894 840 1942 res
886 1877 1248 1942 familiaris
1301 1879 1722 1958 possessoris
1773 1877 2279 1943 detrimentum
2327 1877 2537 1959 capit,
2576 1878 3018 1958 (quapropter

461 1995 683 2061 Varro
754 1996 983 2061 suasit
1056 1999 1134 2060 ut
1186 1996 1256 2059 in
1306 1995 1476 2061 locis
1524 1996 2000 2060 insalubribus
2039 1996 2333 2076 operarii
2381 1995 2580 2061 liberi
2619 1996 3019 2060 adhiberen-

458 2121 575 2180 tur
597 2110 669 2192 ⁴))
741 2114 909 2179 haec
959 2114 1288 2178 manebat
1331 2114 1725 2196 difficultaS,
1775 2131 1952 2195 quae
2000 2130 2273 2195 semper
2314 2117 2387 2179 et
2436 2114 2687 2195 ubique
2738 2113 3023 2178 valebat

463 2233 531 2297 in
610 2250 684 2298 re
753 2233 1048 2313 agraria,
1096 2233 1275 2313 quod
1326 2234 1761 2314 temporibus
1801 2233 2077 2297 serendi
2127 2236 2201 2297 et
2247 2233 2556 2297 metendi
2606 2233 2828 2297 multo
2876 2233 3019 2314 plu-

461 2352 650 2416 ribus
720 2352 1054 2433 operariis
1101 2368 1275 2433 opus
1323 2354 1475 2416 erat
1537 2368 1745 2433 quam
1794 2369 1917 2432 per
1965 2351 2269 2432 reliquas
2309 2351 2473 2414 anni
2524 2354 2783 2432 partes,
2837 2350 3020 2415 Huic

464 2469 893 2534 incommodo
965 2486 1399 2550 possessores
1469 2487 1828 2535 occurrere
1900 2471 2337 2535 conabant-ur
2412 2485 2491 2534 eo
2554 2469 2732 2550 quod
2782 2468 3018 2549 plures

465 2604 703 2652 servos
767 2588 1118 2652 habebant
1179 2604 1388 2668 quam
1458 2587 1869 2669 plerumque
1934 2588 2309 2652 necessarii
2381 2589 2621 2668 erant3
2693 2604 2867 2668 quos
2938 2589 3020 2651 ut

460 2721 666 2786 quam
736 2705 1039 2769 maxime
1107 2705 1386 2769 assidue
1457 2706 1914 2786 occupatione
1984 2705 2286 2787 quadam
2363 2704 2760 2770 detinerent
2806 2706 3018 2785 atque

460 2824 586 2889 hoc
647 2823 848 2889 modo
918 2825 1376 2906 quaestuosos
1447 2824 1842 2905 redderent,
1914 2824 1982 2889 id
2053 2841 2256 2906 agere
2302 2823 2733 2906 incipiebant
2786 2826 2869 2889 ut
2915 2840 3017 2906 ea,

459 2960 632 3024 quae
680 2943 766 3007 ad
816 2959 963 3007 rem
1010 2943 1360 3022 agrariam
1408 2945 1805 3009 necessaria
1852 2946 2077 3025 erant,
2130 2961 2340 3024 quam
2389 2943 2771 3025 plurimum
2815 2946 3016 3025 pote-

463 3063 623 3125 rant
695 3061 764 3125 in
838 3061 1008 3142 ipsis
1080 3061 1384 3142 praediis
1458 3062 1861 3127 fabricanda
1944 3064 2310 3142 curarent3
2390 3078 2526 3143 qua
2593 3079 2683 3127 ex
2738 3079 2812 3127 re
2865 3064 3022 3127 orta

460 3182 571 3244 est
639 3179 758 3244 illa
835 3179 1371 3263 „geschlossene
1440 3179 2109 3262 Hauswirtschast’',
2160 3197 2371 3261 quam
2421 3183 2549 3246 vir.
2601 3180 2686 3245 cl.
2735 3179 3023 3245 Biionna

465 3298 815 3380 propriam
885 3314 1039 3362 esse
1110 3300 1321 3378 putat
1368 3299 1662 3363 rationis
1712 3299 1936 3363 totius
1985 3299 2318 3379 antiquae
2374 3298 2713 3363 bonorum
2760 3315 3021 3378 procre-

466 3416 723 3480 ationis
750 3411 820 3491 5).
878 3415 1137 3480 Tamen
1185 3433 1457 3497 semper
1504 3419 1817 3498 tempore
1867 3416 2177 3481 metendi
2226 3416 2426 3480 liberi
2476 3416 2772 3497 operarii
2795 3433 3021 3481 neces·

468 3533 632 3599 sarii
700 3534 1081 3598 manebant
1107 3528 1177 3614 ⁶),
1250 3551 1384 3614 quo
1456 3533 1536 3598 fit
1607 3536 1688 3619 ut
1760 3533 1933 3599 Cato
2003 3534 2319 3614 regiones
2379 3533 2797 3615 laudaverit,
2846 3549 3023 3615 quae

544 3832 582 3897 ¹)
618 3831 872 3901 Wamm,
910 3832 1077 3888 Rom.
1114 3833 1509 3902 Agrargesch.
1546 3849 1600 3903 p.
1637 3834 1757 3890 243.

543 3929 584 3996 ²)
619 3927 769 3983 Vide
805 3928 966 3984 locos
1003 3929 1160 3997 apud
1199 3930 1396 3985 virum
1436 3930 1506 3985 cl.
1545 3929 1799 3998 wizam,
1837 3945 1895 3999 p.
1931 3930 2051 3986 248.
2089 3930 2226 3985 adn.

542 4028 581 4096 ’)
635 4029 893 4085 Colonus
946 4043 1107 4085 nunc
1143 4032 1238 4087 est
1274 4031 1376 4099 qui
1412 4046 1475 4087 re
1511 4046 1653 4087 vera
1688 4032 1815 4101 ipse
1852 4031 2010 4107 colit,
2037 4045 2243 4099 graece
2269 4032 2522 4111 γεωργός,
2550 4032 2895 4100 conductor,
2923 4031 3028 4101 qui

474 4127 763 4183 conduxit
799 4129 1041 4184 tantum
1078 4142 1249 4197 agros
1287 4143 1480 4197 neque
1518 4130 1643 4199 ipse
1681 4130 1840 4199 colit,
1875 4144 2085 4198 graece
2120 4133 2394 4196 μισθωτὴς.

542 4230 582 4294 ⁴)
621 4229 826 4285 Varro,
863 4230 937 4285 de
973 4243 1037 4285 re
1073 4233 1222 4286 rust.
1259 4229 1306 4285 1.
1345 4231 1428 4285 17.
1467 4231 1518 4285 2.

543 4326 582 4385 ⁸)
621 4325 873 4393 Wzmm,
929 4342 984 4395 p.
1039 4327 1157 4381 241.
1207 4326 1314 4381 Die
1370 4326 1666 4383 Autarkie
1705 4327 1810 4381 des
1849 4326 2118 4396 „Oikos’',
2155 4325 2263 4381 auf
2291 4326 2522 4381 welche
2560 4304 2927 4381 Ronnmi‘rus
2962 4326 3027 4381 in

447 4412 755 4481 -tibrigens
814 4413 955 4468 sehr
1014 4413 1356 4481 geistvoller
1418 4414 1820 4482 Ausfuhrung
1857 4414 1974 4469 den
2029 4415 2342 4482 gesamten
2395 4412 2568 4482 Gang
2617 4413 2722 4467 der
2774 4413 3028 4468 antiken

478 4480 1210 4568 Wirtschaftsgeschichte
1262 4501 1540 4569 grundet,
1595 4501 1823 4556 welche
1872 4500 2014 4555 aber
2051 4501 2206 4556 nach
2243 4500 2371 4556 ihm
2408 4500 2519 4556 mit
2556 4500 2662 4555 der
2697 4499 3032 4555 Kaiserzeit

474 4586 554 4641 im
621 4586 1096 4643 verschwinden
1155 4587 1442 4656 begriffen
1498 4587 1628 4642 sein
1685 4590 1938 4656 musste,
1994 4602 2120 4643 war
2173 4588 2298 4643 also
2355 4588 2463 4643 auf
2510 4587 2624 4643 den
2683 4586 3028 4643 landlichen

476 4671 1089 4743 Grundbesitzungen
1125 4690 1264 4731 zum
1303 4675 1746 4731 wesentlichen
1786 4673 1910 4730 Teil
1948 4676 2074 4730 erst
2107 4675 2891 4744 Entwickelungsprodukt.

547 4761 586 4831 ο)
624 4761 695 4816 In
754 4761 1040 4818 Borussia
1093 4762 1372 4818 orientali
1407 4763 1627 4832 putant
1663 4763 1945 4830 quartam
1982 4765 2216 4832 partem
2253 4763 2441 4819 totius
2476 4763 2712 4818 numeri
2748 4762 3028 4832 opificum

479 4844 746 4904 deficere.
780 4848 1057 4917 (Wznnn.
1091 4864 1148 4919 p.
1182 4850 1325 4916 241).
