3770 5738
1703 539 1779 602 11

449 758 539 807 ea
607 756 785 821 quae
855 738 967 804 hic
1039 756 1163 820 pro
1226 737 1469 803 colono
1518 736 1873 817 impendia
1918 735 2205 819 fecerat,
2255 736 2632 801 restituere
2659 729 2729 811 1).
2781 734 3018 815 Atque

449 875 915 942 possessoreS,
978 859 1329 937 quatenus
1397 855 1678 937 quidem
1725 858 2089 920 senatores
2136 858 2360 936 erant,
2410 872 2533 936 pro
2578 854 2689 919 his
2733 848 3018 918 tanturn

450 977 716 1043 colonis
763 975 1087 1056 fugitivis
1134 974 1345 1040 solita
1392 972 1667 1039 solvere
1716 973 2083 1055 debebant,
2133 989 2427 1053 quorum
2472 975 2705 1037 terrae
2752 946 3019 1036 nullam

452 1095 737 1162 omnino
787 1096 1061 1175 partem
1114 1093 1566 1174 possidebant
1590 1087 1663 1168 2).

556 1211 646 1277 Ut
719 1215 957 1277 tamen
1024 1211 1309 1293 impune
1364 1210 1689 1291 fugitivis
1736 1208 1948 1291 potiri
1996 1211 2307 1291 possent,
2357 1224 2792 1289 possessores
2840 1208 3020 1271 hanc

451 1331 801 1396 rationem
871 1330 1185 1394 inierunt
1256 1346 1427 1410 qua.
1461 1328 1607 1409 legi.
1660 1328 1980 1393 fraudem
2028 1304 2375 1392 facerent:
2442 1343 2623 1406 vaga
2670 1325 3020 1406 mancipia

451 1452 527 1514 et
576 1448 735 1530 vagi
783 1447 1031 1530 coloni,
1080 1448 1123 1512 i.
1174 1464 1232 1512 e.
1284 1447 1636 1528 mancipia
1684 1448 1757 1511 et
1805 1445 2052 1523 coloni,
2103 1461 2279 1525 quae
2327 1444 2629 1509 dominis
2662 1444 3018 1523 carebant,

446 1542 608 1648 jure
677 1566 958 1631 civitati
1025 1565 1483 1648 debebantur,
1553 1565 1673 1630 sed
1741 1564 2149 1645 plerumque
2215 1563 2302 1627 iis
2348 1561 2854 1627 addicebantur
2901 1560 3019 1641 qui

453 1702 573 1750 eos
642 1684 1064 1749 detulerant.
1137 1682 1211 1748 Si
1262 1683 1478 1764 igitur
1526 1683 1932 1748 detentator
1984 1681 2208 1746 coloni
2256 1679 2541 1761 fugitivi
2587 1679 2773 1744 hunc
2820 1679 3019 1760 quasi

456 1819 712 1883 vagum
799 1802 1174 1884 detulerat,
1248 1801 1377 1866 hoc
1438 1801 1642 1866 modo
1701 1800 2061 1882 proprium
2123 1799 2253 1863 sibi
2311 1798 2631 1863 faciebat.
2728 1797 2877 1879 Qua
2945 1814 3019 1861 re

456 1920 776 2003 perducti
850 1920 1398 1985 Valentinianus
1477 1922 1552 1984 et
1600 1918 1865 1984 Valens
1906 1918 2434 1998 imperaverunt
2480 1918 2583 1998 ut,
2624 1915 2686 1980 si
2733 1915 3021 1980 colonus

454 2042 816 2120 tamquam
869 2055 1093 2119 vagus
1139 2038 1419 2103 delatus
1468 2026 2104 2119 esset,‘diligenter
2154 2034 2626 2115 inquireretur
2671 2050 2843 2098 num
2892 2033 3021 2098 hoc

456 2157 635 2222 sorte
708 2155 909 2221 fieret
978 2158 1081 2237 ut,
1153 2155 1335 2236 quod
1385 2172 1507 2236 per
1546 2154 1784 2220 dolum
1832 2154 1966 2219 sibi
2013 2152 2521 2234 assumpsisset
2568 2150 2843 2232 aliquiS,
2893 2150 3020 2215 tali

461 2274 663 2339 modo
713 2278 950 2339 ratum
996 2273 1224 2339 facere
1271 2272 1490 2339 vellet
1516 2268 1588 2351 3).

545 2391 651 2456 Ex
692 2408 773 2457 eo
822 2391 1002 2473 quod
1050 2392 1182 2456 hae
1230 2391 1419 2472 leges
1464 2393 1612 2456 tam
1663 2389 1932 2454 multae
1981 2389 2420 2454 exstiterunt
2467 2390 2752 2466 tamque
2782 2387 3020 2451 crebro

454 2512 624 2575 sunt
693 2509 1177 2593 promulgatae
1241 2509 1489 2591 (prima
1527 2508 1601 2573 L.
1665 2509 1721 2572 1.
1775 2507 1975 2573 Osrh.
2041 2507 2126 2571 V.
2176 2508 2217 2571 9
2259 2507 2429 2571 data
2475 2509 2586 2571 est
2631 2522 2814 2570 anno
2864 2505 3018 2585 332,

454 2631 881 2710 postremam
931 2628 1342 2710 perscripsit
1390 2626 1840 2692 Justinianus
1885 2625 2301 2707 (527-565)
2347 2625 2551 2690 facile
2583 2624 2757 2689 effici
2782 2625 3020 2704 potest

454 2748 758 2829 primum
822 2762 1034 2826 quam
1096 2746 1297 2828 proni
1359 2745 1626 2810 fuerint
1688 2745 1914 2810 coloni
1971 2744 2054 2809 ad
2107 2760 2311 2825 agros
2358 2760 2524 2808 suos
2574 2741 3017 2818 deserendoS,

522 3065 562 3133 ι)
615 3065 679 3120 L.
729 3064 782 3119 6.
836 3065 870 3131 ἓ
905 3063 957 3119 3.
1010 3063 1071 3119 Ο.
1107 3063 1216 3119 Th.
1270 3064 1378 3120 XI.
1432 3065 1519 3120 24.
1572 3063 1653 3120 Hi
1703 3079 1868 3129 sane,
1908 3063 2010 3133 qui
2073 3062 2239 3132 vicis,
2277 3062 2497 3130 quibus
2532 3061 2817 3130 adscripti
2854 3062 3019 3131 sunt,

452 3151 767 3221 derelictis
798 3152 862 3206 et
896 3151 998 3220 qui
1035 3151 1338 3220 homologi
1376 3166 1538 3208 more
1575 3150 1881 3220 gentilicio
1921 3147 2373 3218 nuncupantur,
2409 3149 2484 3203 ad
2520 3148 2670 3204 alios
2707 3163 2816 3204 seu
2854 3148 3020 3203 vicos

456 3252 565 3294 seu
601 3238 880 3294 dominos
917 3239 1310 3308 transierunt,
1347 3239 1421 3294 ad
1458 3237 1664 3293 sedem
1700 3237 1954 3293 desolati
1989 3237 2146 3292 ruris
2175 3236 2522 3291 constrictis
2540 3235 3021 3291 detentatoribus

456 3325 644 3382 redire
705 3328 1026 3394 cogantur;
1095 3327 1216 3395 qui,
1272 3327 1323 3381 si
1378 3327 1767 3394 exsequenda
1822 3324 2246 3394 protraxerint,
2307 3324 2379 3379 ad
2433 3322 2777 3379 functiones
2810 3337 3019 3378 eorum

451 3415 778 3469 teneantur
812 3413 1055 3468 obnoxii
1082 3416 1145 3468 et
1182 3413 1442 3469 dominis
1477 3413 1809 3468 restituant
1844 3427 1998 3480 quae
2037 3425 2140 3481 pro
2166 3411 2262 3467 his
2282 3411 2561 3466 exsoluta
2578 3411 2932 3466 constiterit.
2956 3441 3017 3449 —

452 3500 513 3555 L.
547 3500 597 3555 2.
636 3500 672 3567 ἓ
707 3499 760 3555 3.
797 3499 859 3555 0.
895 3499 1003 3555 Th.
1040 3499 1118 3555 X.
1156 3501 1308 3555 12...
1332 3541 1345 3555 .
1369 3502 1525 3565 ..ut,
1563 3500 1614 3555 si
1650 3500 1902 3555 colonus
1938 3499 2147 3554 eadem
2185 3498 2456 3554 occulere
2492 3499 2620 3552 arte
2639 3497 3020 3565 quaesiverit,

449 3587 553 3656 (sc.
590 3587 958 3654 detentator)
995 3586 1464 3642 indemnitatem
1505 3587 1728 3643 sarciat
1773 3587 2158 3641 tributorum.

518 3675 561 3740 ²)
600 3674 663 3729 L.
699 3674 749 3728 7.
786 3672 846 3728 C.
887 3672 992 3729 Th.
1033 3674 1142 3730 XI.
1179 3676 1227 3729 1.
1266 3674 1653 3743 compertum
1694 3678 1803 3744 est,
1846 3688 1951 3743 pro
1992 3673 2220 3729 colonis
2254 3672 2523 3742 profugis
2558 3672 2633 3727 ad
2653 3670 3019 3727 exsolvenda

452 3775 560 3816 vos
630 3760 856 3816 fiscalia
913 3761 1239 3817 conveniri.
1306 3760 1340 3816 J
1347 3762 1604 3817 ubemus
1640 3762 1843 3830 igitur,
1883 3761 1934 3817 si
1973 3760 2125 3816 nihil
2160 3773 2238 3816 ex
2274 3759 2604 3815 eorundem
2640 3759 2819 3814 terris
2853 3773 3018 3815 sena·

451 3848 652 3903 torum
707 3862 1076 3917 quemquam
1129 3848 1432 3918 possidere
1477 3848 1834 3918 constiterit,
1899 3848 1971 3903 ut
2011 3847 2181 3903 nulla
2216 3848 2496 3916 cuiquam
2533 3845 2876 3915 pensitandi
2915 3860 3019 3915 pro

449 3935 560 4005 his,
597 3935 702 4004 qui
740 3935 1105 4005 aufugerint,
1148 3936 1485 3991 necessitas
1521 3936 1885 4004 imponatur.
1929 3965 1982 3975 -
2028 3934 2112 3990 De
2152 3934 2263 3990 hac
2300 3934 2431 4002 lege
2470 3934 2605 3989 vide
2639 3932 2811 3988 infra.

428 4061 433 4065 ·
521 4022 566 4088 ⁸)
620 4022 680 4077 L.
735 4022 785 4076 2.
829 4023 900 4090 ἐξ
944 4022 990 4076 1.
1034 4023 1100 4077 et
1134 4022 1185 4077 3.
1232 4021 1292 4077 G.
1329 4021 1438 4077 Th.
1477 4021 1553 4077 X.
1597 4023 1679 4078 12.
1742 4021 1870 4077 Has
1927 4035 2068 4077 vero
2125 4021 2502 4091 cognitiones
2555 4020 2631 4075 ad
2690 4019 3021 4076 ordinarios

450 4108 734 4165 volumus
792 4109 1095 4179 pertinere
1153 4111 1433 4177 rectores,
1491 4111 1579 4179 ut,
1615 4109 1983 4165 delatoribus
2028 4109 2313 4178 primitus
2347 4109 2411 4164 in
2462 4107 2660 4164 medio
2695 4106 3020 4176 collocatis,

451 4197 548 4253 his
584 4197 785 4266 etiam,
821 4197 925 4265 qui
961 4197 1133 4265 quasi
1171 4197 1307 4265 vagi
1344 4211 1513 4252 sacro
1550 4197 2030 4252 nominabuntur
2068 4195 2321 4265 indulte,
2357 4195 2429 4250 ad
2449 4194 2676 4264 judicia
2696 4194 3020 4264 productis,

452 4284 644 4339 totius
696 4297 914 4339 causae
951 4283 1193 4339 interna
1240 4283 1589 4353 discutiant,
1643 4283 2019 4352 solliciteque
2065 4297 2134 4338 ac
2172 4283 2489 4351 diligenter
2522 4282 2912 4350 interrogent,
2948 4280 3021 4335 de

450 4385 711 4441 quorum
765 4371 1031 4426 dominio
1086 4370 1230 4440 fuga
1289 4371 1382 4426 vel
1429 4386 1547 4440 quo
1583 4370 1700 4426 alio
1740 4385 1961 4439 genere
2000 4370 2403 4437 discesserint,
2444 4369 2547 4438 qui
2592 4369 2914 4437 petentum
2953 4369 3024 4424 ut

451 4459 521 4526 is,
576 4458 640 4513 in
702 4471 822 4527 quo
876 4459 1095 4514 vitium
1151 4458 1674 4528 deprehenderint,
1707 4458 1783 4513 ad
1820 4457 2136 4513 dominum
2175 4457 2288 4512 sub
2334 4455 2755 4525 prosecutione
2787 4469 3022 4511 revoce-

452 4547 555 4600 tur
575 4585 729 4600 .....
757 4545 1169 4601 Nihilominus
1207 4545 1391 4601 etiam
1428 4560 1499 4601 eo
1535 4546 1747 4613 pergat
1774 4545 2011 4613 indage,
2054 4546 2125 4599 ut
2142 4545 2368 4600 cuncta
2385 4543 2659 4599 rimando
2679 4544 3022 4612 cognoscat,

453 4633 662 4687 utrum
709 4632 761 4687 is
797 4632 978 4688 fuerit
1013 4632 1325 4701 petitionis
1364 4633 1656 4700 hortator,
1696 4631 1797 4700 qui
1835 4631 2078 4700 iniquae
2113 4630 2471 4687 retentionis
2508 4629 2799 4686 invidiam
2822 4629 3022 4699 aliquo

453 4731 700 4775 necesse
759 4719 1042 4775 habuerit
1106 4719 1369 4775 colorare
1409 4719 1706 4775 velamine
1716 4734 1732 4787 ;
1789 4721 1873 4787 ut,
1928 4720 1978 4773 si
2034 4719 2277 4774 colonos
2330 4718 2540 4774 eadem
2578 4718 2850 4774 occulere
2890 4719 3018 4773 arte

454 4805 833 4875 quaesiverit,
888 4806 1353 4862 indemnitatem
1409 4807 1629 4862 sarciat
1678 4806 2042 4861 tributorum
2057 4823 2074 4871 ς,
2110 4806 2160 4861 si
2197 4819 2420 4874 servos
2457 4805 2533 4861 ad
2569 4819 2704 4860 eam
2743 4819 3018 4874 poenam,

344 4969 349 4972 .
455 4905 610 4960 quae
647 4892 876 4950 dudum
912 4898 1008 4949 est
1042 4892 1277 4962 legibus
1314 4895 1665 4962 constituta,
1707 4894 2006 4947 teneatur.
