3770 5738
1990 489 2115 554 144

875 686 1007 751 His
1075 687 1399 751 omnibus
1469 687 1676 751 rebus
1754 686 2062 767 colonuS,
2135 685 2317 766 quod
2390 685 2478 750 ad
2529 685 3004 751 condicionem
3054 704 3335 753 oecono-

782 806 1036 869 micam
1097 805 1381 887 attinet,
1446 820 1732 885 prorsus
1794 803 1977 868 alius
2041 805 2148 868 vir
2211 807 2320 868 est
2380 804 2634 869 factus,
2708 804 2970 869 Multos
3016 805 3333 886 profecto

771 923 919 1003 jam
963 922 1216 987 locatio
1265 922 1601 1003 partiaria
1629 922 1700 986 in
1728 925 1927 986 statu
1955 921 2296 986 deteriore
2348 921 2847 1002 collocaverat3
2876 939 3092 1002 quum
3140 923 3337 988 nulla

782 1041 895 1104 lex
966 1017 1334 1105 locationis
1387 1057 1526 1121 eos,
1577 1040 1695 1121 qui
1742 1040 1812 1103 in
1866 1040 2139 1120 magnis
2185 1039 2581 1104 latifundiis
2637 1057 2811 1120 opus
2859 1042 3335 1122 praestabant,

795 1194 857 1204 —
916 1177 1079 1223 nam
1147 1160 1217 1222 in
1284 1158 1390 1222 hie
1464 1161 1605 1222 tota
1675 1158 1834 1222 haec
1904 1159 2334 1222 commutatio
2409 1158 2709 1239 confecta
2757 1161 2853 1223 est
2892 1194 2951 1203 —
2991 1161 3335 1237 tueretur,

783 1276 1005 1356 magis
1083 1276 1443 1356 magisque
1514 1276 1814 1340 dominis
1885 1275 2185 1356 subjecti
2257 1279 2480 1340 erant.
2555 1274 2688 1340 Sed
2762 1278 3175 1358 praesertim
3244 1294 3335 1342 ex

781 1394 1011 1475 operis
1059 1395 1353 1475 apparet
1402 1394 1718 1458 dominos
1763 1410 2037 1474 semper
2084 1393 2319 1458 minus
2369 1394 2778 1476 mercedem,
2807 1411 3082 1476 semper
3113 1395 3336 1474 magis

784 1529 957 1594 opus
1031 1512 1429 1577 colonorum
1501 1510 2009 1591 postulavisse:
2084 1511 2391 1576 medium
2464 1514 2712 1577 tenent
2783 1512 2970 1576 inter
3032 1513 3337 1578 minores

781 1631 1124 1711 agricolas
1169 1634 1241 1695 et
1290 1631 1754 1695 mercenarios
1784 1627 1851 1707 ¹).
1903 1630 2053 1695 Hoc
2093 1630 2295 1695 modo
2321 1633 2405 1694 ut
2430 1646 2669 1694 eorum
2696 1631 3008 1696 condicio
3035 1632 3338 1697 deterior

783 1749 982 1814 fleret
1052 1766 1132 1814 eo
1203 1749 1480 1814 facilius
1547 1748 1859 1814 accidere
1909 1752 2205 1831 poterat,
2255 1750 2434 1830 quod
2486 1748 2708 1813 coloni
2758 1767 3114 1831 nunquam
3169 1750 3335 1815 ordo

783 1868 1060 1932 validus
1133 1867 1441 1932 fuerunt.
1495 1866 1794 1932 Colonus
1843 1885 2176 1932 romanus
2223 1883 2496 1948 semper
2545 1867 2765 1948 magis
2811 1868 2873 1932 is
2921 1868 3080 1950 fuit,
3128 1885 3337 1950 quem

782 1985 851 2049 in
923 1988 1165 2049 nostra
1236 1985 1465 2064 patria
1547 1984 2079 2068 „bedrijfsboer”
2153 2002 2507 2066 vocamuS,
2582 2002 2790 2066 quam
2865 1986 3169 2066 agricola
3216 1987 3335 2066 qui

781 2103 996 2168 libero
1023 2103 1311 2168 arbitrio
1337 2104 1597 2167 terram
1624 2120 1846 2183 suam,
1887 2105 2260 2184 postquam
2287 2103 2502 2167 semel
2552 2102 2913 2186 conduxit,
2940 2106 3333 2170 exercebat.

787 2221 967 2306 „Das
1014 2237 1232 2302 ganze
1280 2220 1689 2286 Verbaltnis
1739 2222 1916 2285 wird
1966 2222 2149 2285 denn
2200 2221 2380 2286 auch
2429 2221 2820 2302 ausgefasst
2865 2222 2971 2286 als
3019 2223 3172 2288 eine
3198 2223 3337 2288 Art

783 2340 925 2404 und
998 2339 1259 2420 Weise,
1332 2340 1401 2403 in
1477 2339 1779 2404 welcher
1825 2341 1948 2404 der
1995 2339 2185 2404 Herr
2229 2340 2379 2404 sein
2430 2338 2576 2404 Gut
2624 2339 3231 2406 bewirtschaftet”
3261 2338 3333 2418 2).

783 2457 1166 2523 Columella
1234 2457 1463 2522 suasit
1524 2460 1606 2522 ut
1676 2457 1999 2522 dominus
2070 2458 2293 2538 magis
2339 2474 2513 2538 opus
2561 2458 2876 2538 exigeret
2922 2475 3129 2539 quam
3177 2475 3334 2540 pen-

781 2577 1013 2642 siones
1040 2571 1108 2652 3).
1192 2575 1272 2639 In
1366 2575 1797 2656 praefatione
1884 2575 2038 2640 libri
2112 2576 2222 2640 sui
2292 2576 2479 2641 inter
2552 2593 2843 2641 munera
2912 2578 3336 2657 possessoris

779 2695 978 2776 ponit
1030 2693 1561 2778 „administrare
1608 2710 1817 2776 opera
1865 2692 2333 2759 colonorum''.
2377 2693 2648 2758 Revera
2680 2696 2884 2758 erant
2906 2695 3049 2774 ejus
3072 2695 3333 2778 coloni;

778 2815 1067 2895 apparet
1113 2828 1202 2878 ex
1249 2812 1541 2894 ratione,
1592 2829 1730 2894 qua
1779 2812 1862 2878 de
1910 2812 1999 2877 iis
2025 2811 2107 2878 fit
2174 2829 2436 2894 sermo;
2489 2811 2593 2877 ita
2638 2811 3019 2878 Frontinus
3044 2812 3330 2878 scribit:

786 2932 1092 3015 „Habent
1150 2934 1390 2995 autem
1437 2930 1813 2995 insaltibus
1859 2932 2121 3011 privati
2168 2947 2305 2995 non
2355 2931 2687 3011 exiguum
2734 2931 3069 3013 populum
3109 2930 3335 3013 plebe·

771 3044 1088 3132 jum’'⁴);
1169 3048 1426 3112 dicitur
1500 3049 1762 3132 „coloni
1834 3049 1987 3113 tui'’
2051 3050 2313 3130 pariter
2379 3053 2592 3130 atque
2670 3048 2953 3132 „villula
3019 3048 3189 3114 tua”
3260 3051 3336 3115 et

785 3166 1015 3253 „servi
1106 3161 1356 3242 tui'’⁵).
1432 3166 1750 3247 Apparet
1819 3183 1909 3231 ex
1981 3182 2060 3231 eo
2132 3182 2402 3247 quoque
2474 3165 2653 3245 quod
2726 3167 2797 3230 in
2871 3167 3051 3231 bello
3127 3183 3335 3248 saepe

781 3286 1139 3349 dominum
1209 3285 1687 3365 sectabantur,
1758 3287 2119 3363 tamquam
2169 3284 2474 3364 corporis
2521 3285 2849 3349 custodes
2876 3280 2948 3361 ⁶).
2996 3284 3335 3349 Dominus

781 3403 1044 3469 colonis
1083 3402 1233 3467 suis
1270 3402 1819 3467 instrumentum
1860 3403 2259 3484 praebebat,
2300 3405 2373 3466 et
2412 3402 2496 3466 ad
2533 3403 2660 3467 hoc
2684 3403 2827 3467 fere
2853 3403 3085 3468 omnia
3108 3404 3333 3469 trahe-

780 3523 1059 3602 bantur,
1132 3536 1309 3600 quae
1355 3521 1441 3584 ad
1492 3520 1843 3585 culturam
1890 3521 2285 3586 necessaria
2330 3524 2570 3601 erant3
2621 3520 2983 3602 legabatur
3034 3523 3335 3608 „fundus

781 3712 1003 3782 Operas
1055 3713 1302 3769 diurnas
1337 3713 1559 3782 pariter
1592 3728 1660 3769 ac
1698 3714 1846 3769 alias
1882 3728 1976 3769 res
2013 3728 2165 3783 quae
2199 3714 2274 3769 ad
2312 3714 2617 3770 internam
2654 3715 2923 3772 saltuum
2959 3718 3333 3787 temperatio·

671 3794 676 3801 '
780 3815 922 3856 nem
957 3801 1355 3869 pertinebant,
1384 3801 1488 3868 jus
1522 3802 1830 3870 publicum
1866 3816 1989 3856 non
2025 3802 2298 3868 curabat3
2335 3817 2415 3857 an
2451 3802 2526 3857 ad
2562 3816 2664 3857 eas
2699 3806 2933 3871 spectat
2967 3804 3149 3860 etiam
3183 3805 3333 3861 illud

783 3887 1084 3956 „debitum
1120 3887 1523 3943 condicionis”
1556 3888 1627 3944 de
1663 3903 1781 3957 quo
1817 3889 2082 3957 loquitur
2118 3889 2180 3944 L.
2216 3889 2270 3944 2.
2308 3888 2365 3946 C.
2401 3889 2455 3944 J.
2492 3889 2601 3944 XI.
2635 3890 2749 3945 50?

853 3975 893 4041 ¹)
934 3973 1185 4043 Wnnzn,
1240 3989 1295 4043 p.
1351 3975 1470 4030 246.
1529 3975 1599 4030 Je
1654 3976 1804 4030 nach
1863 3975 1980 4031 den
2015 3976 2500 4031 thatsachlichen
2540 3976 2920 4032 Umstanden
2955 3978 3190 4033 muszte
3227 3978 3336 4034 das

780 4061 1130 4117 Verhaltnis
1164 4062 1396 4117 seinem
1419 4062 1961 4118 wirtschaftlichen
1989 4062 2440 4132 Schwerpunkt
2458 4064 2608 4118 nach
2630 4064 3001 4119 schwanken
3028 4065 3334 4121 zwischen

780 4148 917 4204 dem
972 4148 1273 4204 Bestehen
1326 4163 1445 4205 von
1501 4149 2050 4218 dienstpssichtigen
2104 4150 2761 4207 Bauernwirtschaften
2819 4151 2944 4207 und
2980 4166 3096 4207 von
3133 4158 3334 4209 ansa-s·

779 4236 947 4305 sigen
983 4234 1459 4292 Gutsarbeitern.

849 4324 890 4387 ²)
927 4321 1180 4390 anrR,
1215 4338 1270 4391 p.
1305 4323 1427 4379 234.

851 4409 889 4478 ⁸)
929 4408 1154 4464 Colum.
1192 4409 1236 4464 I.
1274 4410 1325 4464 7.
1360 4409 1621 4465 Avarius
1654 4423 1805 4478 opus
1841 4410 2047 4477 exigat
2080 4424 2261 4478 quam
2296 4410 2630 4478 pensiones,

848 4497 890 4559 ⁴)
927 4495 1128 4551 Front.
1168 4495 1240 4551 de
1277 4498 1543 4551 controxr.
1578 4510 1875 4565 agrorum.
1913 4511 1968 4564 p.
2004 4497 2091 4551 53.
2126 4496 2219 4551 ed.
2254 4496 2623 4553 Lachmann.

851 4583 891 4648 ⁶)
929 4582 1084 4638 Hist.
1121 4585 1278 4652 Aug.
1304 4582 1437 4639 Tac.
1455 4584 1506 4638 6.
1522 4584 1574 4639 8.
1596 4588 1791 4651 teque,
1812 4582 2013 4638 Tacite
2032 4584 2310 4652 Auguste
2330 4585 2619 4640 convenio
2638 4586 2852 4653 petens
2871 4586 3189 4641 obsecrans
3213 4627 3225 4640 .
3252 4628 3264 4641 .
3287 4628 3300 4641 .
3322 4627 3335 4641 .

780 4684 856 4724 ne
910 4671 996 4725 sic
1030 4671 1462 4739 rempublicam
1487 4710 1500 4725 .
1523 4711 1536 4726 .
1558 4711 1601 4725 ..
1623 4672 1692 4726 ut
1727 4670 1999 4726 villulam
2037 4678 2225 4742 tuam,
2267 4672 2335 4726 ut
2368 4672 2608 4728 colonos
2645 4673 2801 4742 tuoe,
2840 4676 2910 4729 ut
2944 4688 3149 4729 servos
3177 4675 3335 4744 tuos,

778 4756 1101 4826 relinquas·

852 4844 892 4916 ³)
931 4844 1093 4899 Gaea.
1130 4845 1202 4899 de
1239 4845 1371 4901 bell.
1412 4845 1521 4899 ciV.
1559 4845 1605 4899 l.
1642 4844 1727 4914 34,
1763 4844 1862 4915 563
1903 4844 2042 4901 Sall.
2080 4845 2205 4901 Cat.
2239 4846 2324 4901 59.
