3770 5738
2045 469 2125 532 16

794 669 852 734 si
904 685 1239 733 numerus
1285 668 1511 748 impar
1563 669 1752 732 esset
1801 669 2029 731 mater
2079 682 2240 730 eum
2288 666 2403 746 qui
2455 669 2859 747 superesset
2905 667 3255 748 acciperet
3282 664 3353 745 ¹).

881 787 941 851 3.
995 787 1321 866 Exstant,
1349 788 1431 851 ut
1457 785 1639 850 infra
1662 785 1890 849 fusius
1916 785 2379 865 enarrabitur,
2404 784 2791 865 compluria
2815 801 3069 865 genera
3095 785 3357 850 colono·

791 922 946 969 rum
1020 905 1205 968 inter
1269 921 1343 967 se
1394 903 1707 967 diversa:
1760 905 1965 968 erant
2012 902 2127 983 qui
2180 902 2374 966 nullo
2424 903 2763 967 vocabulo
2810 903 3085 984 adjecto
3133 902 3357 968 coloni

791 1024 1244 1103 vocabantur,
1289 1021 1502 1102 juxta
1546 1037 1719 1101 quos
1767 1020 2080 1100 eiusdem
2119 1020 2263 1084 fere
2304 1020 2576 1100 generis
2603 1020 2927 1100 inquilini
2952 1023 3121 1085 sunt
3145 1022 3357 1085 nomi-

789 1141 1040 1221 nandi;
1109 1140 1359 1204 deinde
1411 1142 1649 1204 autem
1701 1140 1947 1203 horum
1997 1139 2277 1218 utrique
2326 1138 2754 1220 adscripticii
2806 1156 2958 1203 esse
3009 1141 3357 1220 poterant.

792 1259 1091 1323 Necesse
1155 1260 1371 1338 igitur
1433 1260 1543 1322 est
1606 1257 1792 1337 leges
1839 1256 2058 1321 fuisse
2106 1258 2223 1337 qui
2274 1257 2728 1321 decernerent
2771 1275 2907 1338 qua
2956 1257 3360 1322 condicione

793 1380 1033 1442 essent
1082 1377 1278 1440 liberi
1309 1393 1397 1440 ex
1424 1375 1820 1456 hujusmodi
1849 1374 2262 1455 promiscuis
2288 1375 2757 1439 matrimoniis
2783 1375 2954 1439 nati.
2983 1374 3080 1439 De
3108 1376 3360 1454 quibus

791 1498 1031 1560 tamen
1072 1510 1456 1575 perpaucae
1495 1496 1666 1558 sunt
1705 1493 2031 1557 traditae.
2061 1492 2530 1573 Cognovimus
2555 1510 2642 1558 ex
2669 1494 3175 1558 constitutione
3201 1510 3358 1575 qua·

793 1614 952 1678 dam
980 1613 1262 1677 Arcadii
1290 1624 1363 1677 et
1387 1611 1679 1676 Honorii
1706 1628 1824 1676 eos
1850 1611 2105 1675 liberos
2131 1628 2420 1692 quorum
2450 1615 2781 1692 parentes
2810 1612 3033 1676 coloni
3053 1615 3125 1677 et
3144 1613 3358 1693 inqui-

793 1731 918 1796 lini
968 1733 1228 1811 essent,
1278 1732 1429 1795 sive
1480 1734 1772 1812 uterque
1821 1747 2062 1794 eorum
2111 1731 2426 1795 censitus
2465 1731 2596 1807 (i.e.
2625 1730 3142 1812 adscripticius)
3171 1733 3360 1795 esset

791 1850 945 1915 sive
970 1851 1241 1929 neuter,
1268 1851 1540 1914 statum
1565 1850 1935 1929 paternum
1961 1848 2159 1929 sequi
2186 1848 2509 1913 debuisse
2535 1844 2606 1924 ²).
2634 1849 2723 1912 Et
2747 1849 2931 1913 Zeno
2957 1849 3358 1931 imperator,

795 1986 1011 2050 quum
1058 1968 1539 2033 moderaretur
1584 1967 2088 2048 proprietatem
2136 1983 2376 2031 eorum
2423 1966 2797 2032 liberorum
2839 1968 2954 2049 qui
2982 1984 3067 2032 ex
3094 1966 3360 2032 colonis

795 2087 1094 2168 privatis
1142 2089 1215 2151 et
1263 2086 1631 2150 dominicis
1684 2085 1833 2149 nati
1883 2088 2143 2166 essent,
2192 2086 2505 2165 graviter
2551 2085 2822 2149 addidit
2871 2085 2953 2150 de
2997 2086 3236 2150 liberis
3271 2103 3357 2150 ex

795 2204 1263 2286 adscripticiis
1311 2207 1384 2268 et
1430 2203 1806 2269 colonabus
1841 2203 2078 2267 liberis
2104 2202 2331 2268 velex
2356 2203 2825 2284 adscripticiis
2849 2203 3262 2269 mulieribus
3287 2206 3358 2268 et

795 2322 1058 2389 colonis
1106 2321 1471 2386 dominicis
1519 2321 1707 2385 natis
1755 2321 2087 2402 antiquas
2126 2320 2314 2401 leges
2348 2338 2622 2402 semper
2646 2321 2881 2386 valere
2908 2315 2961 2405 ³)
2984 2342 2999 2403 ;
3025 2322 3094 2386 in
3122 2338 3260 2403 qua
3284 2339 3357 2386 re

795 2440 1095 2508 fortasse
1144 2441 1496 2521 spectavit
1542 2439 1628 2504 ad
1678 2456 1891 2520 supra
1937 2442 2394 2504 memoratam
2443 2439 3044 2505 constitutionem.

868 2645 906 2712 ¹)
943 2643 1089 2699 Nov.
1144 2642 1302 2698 Just.
1355 2641 1587 2698 CLXII.
1642 2642 1778 2711 Cap.
1832 2642 1881 2697 3.
1938 2642 2071 2698 Non
2127 2643 2233 2697 abs
2288 2656 2350 2697 re
2386 2645 2592 2698 autem
2630 2643 2800 2698 nobis
2837 2643 3035 2698 visum
3072 2645 3166 2699 est
3201 2643 3350 2698 illud

794 2744 1032 2800 quoque
1082 2731 1145 2785 in
1183 2730 1602 2798 quaestionem
1638 2730 1922 2784 vocatum
1958 2729 2254 2784 decisione
2290 2730 2500 2785 nostra
2534 2729 2782 2798 dignari.
2819 2730 2972 2784 Nam
3011 2730 3063 2785 si
3096 2730 3352 2799 adscrip-

794 2818 934 2874 ticia
968 2818 1187 2874 mulier
1222 2831 1361 2873 cum
1396 2816 1771 2887 adscripticio
1806 2816 2006 2886 aliquo
2044 2817 2146 2886 qui
2180 2817 2253 2873 ad
2290 2816 2476 2873 alium
2513 2817 2812 2886 pertineat
2845 2818 3062 2888 inierit,
3096 2818 3169 2875 de
3189 2817 3353 2888 prole

795 2907 1142 2975 quaesitum
1196 2908 1307 2974 est,
1359 2905 1410 2960 si
1464 2904 1631 2959 liberi
1689 2918 1766 2959 ex
1815 2904 1891 2959 iis
1928 2907 2270 2972 nascantur,
2307 2910 2515 2960 utrum
2553 2906 2627 2960 ad
2665 2906 2978 2961 dominum
3016 2906 3124 2962 viri
3161 2921 3240 2962 an
3279 2906 3370 2961 ad·

795 2993 1109 3049 dominum
1154 2992 1427 3048 mulieris
1461 2991 1687 3061 prolem
1724 2992 2022 3061 pertinere
2060 2992 2400 3047 conveniat.
2437 2992 2754 3048 Sancirnus
2787 2993 2990 3063 igitur,
3028 2996 3098 3048 ut
3132 2993 3182 3048 si
3218 2994 3354 3062 quis

796 3080 1091 3150 ejusmodi
1136 3079 1244 3134 fiat
1277 3080 1340 3135 et
1374 3079 1748 3134 diversorum
1785 3079 2167 3134 dominorum
2204 3079 2565 3148 adscripticii
2599 3081 2763 3135 inter
2797 3095 2863 3136 se
2901 3083 3134 3147 coeant,
3170 3095 3353 3149 quan·

797 3168 1117 3237 doquidem
1172 3166 1439 3222 condicio
1477 3180 1685 3222 eorum
1721 3165 1784 3221 in
1824 3167 2233 3221 controversia
2266 3167 2464 3235 posita
2500 3181 2620 3222 non
2659 3169 2770 3231 est,
2808 3182 2947 3223 cum
2984 3171 3196 3223 venter
3233 3183 3354 3223 non

797 3256 879 3310 sit
930 3255 1098 3324 liber,
1152 3253 1280 3310 nati
1337 3253 1580 3323 quidem
1633 3253 1996 3322 adscripticii
2051 3253 2194 3322 sint,
2244 3267 2354 3308 nec
2392 3255 2597 3310 tamen
2634 3268 2760 3309 rem
2798 3270 3038 3311 omnem
3078 3255 3356 3311 dabimus

798 3356 994 3412 neque
1047 3341 1289 3397 domino
1345 3341 1505 3410 eJus;
1559 3341 1665 3396 sed
1722 3341 1772 3395 si
1829 3341 2073 3409 quidem
2131 3354 2294 3396 unus
2336 3343 2520 3396 natus
2557 3343 2638 3396 sit
2677 3342 2856 3411 filius,
2895 3344 3105 3399 venter
3141 3343 3356 3398 semini

788 3428 1165 3499 praeferatur
1199 3430 1400 3496 sitque
1436 3428 1596 3496 quod
1633 3428 1847 3500 natum
1888 3430 1984 3484 est
2020 3428 2246 3483 domini
2282 3428 2511 3497 matriS,
2545 3430 2639 3484 sin
2678 3431 2885 3485 autem
2913 3430 3031 3486 duo
3058 3429 3211 3485 forte
3231 3430 3359 3486 sint

797 3516 984 3585 liberi,
1018 3518 1193 3572 ambo
1230 3515 1578 3572 dividantur
1612 3515 1905 3571 electione
1941 3529 2045 3584 per
2080 3517 2306 3571 sortem
2331 3515 2504 3584 facta,
2524 3517 2574 3571 si
2595 3530 2734 3572 vero
2753 3516 2944 3585 impar
2961 3517 3044 3571 sit
3065 3530 3358 3572 numerus

796 3605 1139 3673 liberorum,
1192 3603 1252 3658 id
1308 3602 1468 3672 quod
1525 3603 1825 3658 redundat
1877 3603 2051 3658 sinus
2101 3604 2315 3658 matris
2369 3603 2645 3667 retineat,
2700 3605 2773 3658 ut
2808 3605 2858 3659 si
2896 3605 3023 3659 tres
3058 3604 3201 3670 sint,
3238 3605 3357 3659 duo

798 3692 1042 3761 quidem
1098 3691 1226 3747 sint
1277 3691 1490 3746 matris
1538 3704 1699 3746 unus
1738 3705 1877 3746 vero
1915 3690 2119 3760 patris,
2157 3697 2221 3746 et
2255 3705 2466 3745 rursus
2504 3691 2556 3745 si
2597 3691 2884 3760 quinque,
2921 3694 3044 3747 tres
3079 3706 3157 3746 ex
3195 3693 3358 3747 natis

801 3779 1030 3835 domini
1085 3778 1298 3834 matris
1354 3780 1417 3833 et
1468 3778 1588 3833 duo
1643 3778 1850 3847 patris,
1912 3781 2001 3834 Ac
2056 3778 2390 3833 secundum
2446 3779 2604 3834 hanc
2656 3779 3011 3834 incrementi
3060 3779 3356 3835 rationem

800 3880 1093 3923 numerus
1129 3865 1426 3935 procedat,
1464 3868 1538 3921 ut
1570 3865 1727 3933 quod
1764 3865 2095 3933 aequaliter
2131 3865 2315 3920 dividi
2351 3866 2552 3934 potest
2589 3880 2668 3920 ex
2704 3878 2893 3933 aequo
2931 3866 3173 3932 tribuat,
3199 3866 3358 3934 quod

798 3957 1008 4010 autem
1044 3954 1306 4022 superat,
1340 3952 1502 4023 quod
1536 3951 1780 4020 quidem
1817 3952 2004 4007 etiam
2040 3952 2271 4021 gratius
2307 3955 2417 4019 est,
2454 3952 2511 4006 id
2536 3953 2716 4007 matri
2737 3953 2981 4008 tribuat.
3001 3952 3174 4007 Hanc
3194 3953 3358 4008 enirn

800 4042 1024 4110 majore
1071 4041 1274 4096 studio
1311 4040 1544 4110 dignari
1581 4040 1833 4109 oportet,
1869 4054 2024 4108 quae
2060 4040 2120 4094 et
2157 4040 2504 4108 parturierit
2537 4043 2598 4094 et
2634 4039 2929 4108 pepererit
2963 4042 3026 4094 et
3060 4040 3359 4109 nutrierit,

801 4143 981 4198 quam
1017 4142 1157 4183 eum
1196 4129 1297 4197 qui
1335 4127 1706 4183 subsicivum
1741 4127 2071 4196 voluptatis
2106 4141 2258 4195 opus
2294 4126 2399 4181 filii
2435 4127 2908 4195 procreationem
2945 4126 3161 4182 effecit.

870 4217 911 4285 ²)
949 4216 1011 4270 L.
1050 4215 1136 4270 13.
1171 4215 1230 4270 C.
1266 4214 1319 4270 J.
1356 4214 1467 4269 XI.
1501 4215 1587 4269 48.
1642 4214 1995 4282 Definimus,
2051 4216 2121 4269 ut
2171 4215 2331 4270 inter
2366 4214 2695 4282 inquilinos
2731 4214 3065 4281 colonosve,
3100 4229 3356 4283 quorum

799 4304 1098 4371 quantum
1153 4302 1223 4357 ad
1283 4302 1571 4369 originem
1625 4301 1890 4370 pertinet
1942 4300 2363 4356 vindicandam
2418 4301 2743 4356 indiscreta
2794 4300 3124 4370 eademque
3171 4315 3359 4369 paene

799 4389 1040 4445 videtur
1093 4403 1226 4444 esse
1278 4389 1564 4456 condici0‚
1615 4388 1758 4444 licet
1808 4388 1892 4444 sit
1943 4387 2265 4443 discrimen
2322 4388 2385 4443 in
2440 4389 2700 4451 nomine,
2739 4388 3003 4456 suscepti
3042 4387 3226 4456 liberi,
3263 4387 3358 4442 vel

802 4479 1056 4544 utroque
1092 4476 1186 4531 vel
1224 4477 1439 4531 neutro
1474 4477 1719 4544 parente
1756 4476 2005 4544 consite,
2040 4477 2271 4550 statum
2307 4477 2590 4544 paternae
2626 4475 2994 4530 condicionis
3011 4476 3361 4543 agnoscant.

872 4563 915 4629 ⁸)
967 4563 1028 4618 L.
1087 4564 1134 4618 1.
1186 4564 1220 4630 ἓ
1275 4564 1322 4619 1.
1379 4562 1440 4618 C.
1492 4562 1545 4618 J.
1599 4563 1707 4619 XI.
1759 4563 1844 4618 69.
1901 4563 2007 4617 Sin
2040 4564 2246 4618 autem
2286 4562 2705 4632 adscripticius
2741 4562 2833 4617 vel
2871 4576 3086 4617 servus
3125 4562 3361 4617 alienus

802 4649 1075 4706 colonam
1113 4649 1207 4706 vel
1245 4650 1526 4706 ancillam
1565 4650 1927 4706 dominicam
1967 4650 2151 4705 ducat
2187 4664 2438 4705 uxorem
2475 4650 2568 4705 vel
2605 4650 2983 4718 adscripticia
3018 4649 3113 4704 vel
3143 4649 3360 4704 ancilla

803 4735 1013 4792 colono
1066 4737 1162 4792 vel
1212 4752 1385 4793 servo
1439 4738 1630 4793 nubat
1683 4736 1981 4792 dominico
2035 4741 2098 4792 et
2147 4751 2226 4791 ex
2282 4736 2628 4805 huiusmodi
2667 4736 3198 4805 conjunctionibus
3235 4735 3362 4790 nati
3407 4803 3414 4810 ι

772 4825 955 4892 ‚sunt
990 4823 1174 4893 liberi,
1212 4823 1414 4894 legum
1451 4826 1726 4880 veterum
1757 4824 1779 4892 j
1792 4839 1863 4878 us
1900 4825 2104 4879 tenere
2141 4825 2468 4879 sancimus,
