3770 5738
1658 513 1776 578 161

429 712 686 777 aetatis
754 711 1069 776 animum
1137 712 1597 793 attendimuS,
1666 729 1843 793 quae
1916 713 2213 793 probant
2261 714 2455 778 certa
2500 713 2838 793 quaedam
2886 713 2987 779 rei

428 830 743 911 publicae
815 831 1133 910 tempora
1199 847 1700 912 nonnunquam
1776 830 2082 896 existere
2144 847 2367 912 posse,
2419 848 2597 911 quae
2646 830 2990 913 ejusmodi

426 948 590 1030 sint,
642 950 723 1013 ut
771 948 841 1013 in
892 948 994 1013 eis
1041 948 1278 1028 aliqua
1324 949 1548 1013 forma
1592 948 1966 1014 servitutis
2017 948 2207 1013 ultro
2259 949 2528 1014 oriatur
2559 966 2843 1014 necesse
2869 949 2985 1014 sit.

518 1065 747 1130 Aliter
816 1066 1100 1147 putavit
1144 1066 1412 1131 Fus'rm.
1462 1086 1549 1131 1111
1602 1066 2019 1132 ConLANeEs
2067 1070 2140 1131 et
2189 1068 2308 1146 qui
2356 1071 2517 1148 post
2565 1085 2727 1132 eum
2777 1068 2988 1132 histo-

425 1184 600 1248 riam
673 1183 1041 1249 colonatus
1105 1187 1742 1265 pertractaverunt.
1838 1185 2243 1249 Autumant
2317 1185 2844 1250 adhaerentiam
2889 1185 2985 1250 in-

429 1301 552 1366 itio
624 1305 853 1366 ortam
923 1319 1077 1367 esse
1138 1302 1209 1366 in
1260 1302 1560 1368 saltibus
1612 1303 2105 1384 imperatorne,
2156 1304 2484 1383 quoniam
2522 1304 2619 1368 ibi
2666 1305 2985 1385 potestas

429 1419 709 1502 domini,
759 1436 969 1499 quam
1010 1420 1169 1500 ι11116
1217 1421 1495 1502 privato
1545 1420 1606 1486 is
1653 1421 1987 1503 possidet,
2037 1421 2375 1486 miscetur
2421 1438 2581 1486 cum
2629 1423 2985 1502 potestate

432 1538 891 1619 imperatoris,
965 1557 1174 1619 quam
1245 1540 1523 1621 publico
1561 1539 1715 1621 Jure
1765 1540 1998 1605 habet.
2100 1539 2293 1624 „Auf
2332 1539 2467 1604 den
2518 1539 2978 1604 kaiserlichen

424 1655 779 1721 Domanen
828 1658 925 1721 ist
970 1657 1092 1722 der
1131 1658 1427 1722 Pachter
1453 1675 1613 1722 zum
1636 1675 1725 1723 an
1753 1658 1863 1723 die
1890 1657 2163 1723 Scholle
2188 1657 2646 1738 gebundenen
2675 1657 2981 1723 Colonen

428 1775 820 1857 geworden,
888 1775 1051 1840 weil
1124 1776 1271 1840 sich
1344 1776 1495 1840 hier
1564 1777 1879 1858 privates
1951 1776 2093 1841 und
2144 1775 2583 1841 offentliches
2640 1776 2870 1840 Recht
2916 1775 2988 1840 in

427 1892 648 1957 einem
698 1892 840 1958 fort
900 1893 1475 1959 durchkreuzen”
1505 1889 1573 1971 ¹).
1640 1894 2002 1976 Quatenus
2050 1895 2182 1976 hic,
2231 1894 2338 1959 uti
2388 1894 2691 1975 videtur,
2739 1892 2979 1958 existi-

427 2013 660 2076 matur
708 2011 1235 2076 adhaerentiam
1285 2013 1558 2092 proprio
1598 2029 1806 2077 sensu
1836 2013 1907 2076 in
1934 2012 2237 2077 saltibus
2263 2012 2730 2093 imperatoriis
2760 2013 2990 2076 ortam

429 2145 599 2207 esse,
672 2129 716 2193 1.
743 2145 802 2194 6.
876 2128 1407 2194 adhaerentiam
1477 2131 1572 2194 ibi
1636 2130 1941 2211 primum
2011 2130 2162 2211 lege
2234 2132 2553 2195 sanctam
2601 2147 2777 2210 esse,
2827 2129 2990 2195 huic

428 2247 736 2327 opinioni
784 2247 1012 2312 multa
1053 2249 1362 2313 obstant.
1414 2247 1742 2313 Omnium
1791 2249 2092 2330 primum
2120 2249 2281 2313 huic
2306 2248 2689 2330 suspicioni
2715 2248 2989 2312 nullum

427 2364 815 2429 subsidium
869 2365 1229 2430 invenitur
1277 2366 1346 2429 in
1396 2366 1730 2431 fontibus.
1816 2366 1855 2430 J
1863 2384 1946 2431 us
1994 2366 2360 2431 colonatus
2409 2366 2629 2448 primo
2679 2366 2991 2431 valuisse

429 2481 498 2546 in
553 2482 853 2547 saltibus
905 2484 1391 2565 imperatoriis,
1438 2487 1512 2549 et
1559 2484 1717 2549 dein
1767 2503 1810 2550 a
1856 2485 2375 2566 possessoribus
2422 2485 2723 2567 privatis
2773 2484 2989 2549 vindi·

427 2602 663 2665 catum
711 2618 886 2683 esse,
936 2601 1147 2683 hujus
1194 2602 1295 2667 rei
1343 2601 1412 2666 in
1462 2602 1734 2684 legibus
1787 2603 2074 2668 traditis
2121 2603 2292 2668 nihil
2346 2605 2658 2685 apparet.
2709 2602 2862 2668 Hoc
2886 2603 2990 2667 ita

427 2718 712 2783 tandem
758 2719 1034 2785 defendi
1085 2722 1339 2803 potest,
1389 2721 1449 2785 si
1506 2720 1729 2785 credis
1773 2721 2034 2801 primas
2059 2721 2267 2803 16368,
2293 2738 2471 2802 quae
2502 2721 2701 2786 nobis
2726 2721 2810 2786 de
2829 2720 2989 2802 jnre

435 2835 799 2903 colonatus
817 2838 1119 2904 traditae
1139 2842 1329 2921 sunt,
1349 2839 1632 2905 minime
1649 2839 1910 2920 primas
1921 2856 2097 2921 esse,
2112 2856 2289 2921 quae
2304 2838 2387 2904 de
2400 2856 2479 2905 eo
2492 2839 2639 2905 sint
2651 2838 2987 2921 prolatae.

434 2954 567 3021 Sed
624 2956 1022 3038 huJusmodi
1076 2958 1380 3039 suspicio
1426 2959 1514 3023 ab
1565 2958 1752 3023 omni
1805 2960 2005 3039 parte
2059 2959 2208 3023 veri
2257 2958 2620 3024 dissimilis
2670 2958 2991 3023 habenda

434 3077 560 3139 est.
634 3074 912 3139 Etenim
961 3076 1166 3141 valde
1213 3077 1469 3141 mirum
1517 3080 1726 3157 esset,
1777 3093 1937 3141 cum
1985 3076 2377 3158 permultae
2423 3076 2634 3158 16368,
2683 3093 2860 3157 quae
2906 3076 2990 3142 de

432 3191 729 3273 singulis
798 3194 1006 3259 rebus
1053 3197 1277 3275 agunt
1323 3196 1397 3259 et
1448 3210 1656 3276 saepe
1704 3194 1947 3259 eadem
1996 3194 2283 3277 iterant,
2332 3196 2657 3260 servatae
2705 3195 2873 3277 sint,
2923 3195 2986 3259 81

434 3475 881 3543 possessoribus
919 3489 997 3531 ex
1033 3474 1258 3531 familia
1294 3476 1457 3544 regia
1492 3476 1655 3545 (nam
1681 3477 1753 3531 de
1773 3476 1869 3532 1118
1890 3490 2086 3531 8611110
2106 3475 2280 3531 estin
2300 3476 2495 3546 pacto)
2516 3476 2640 3531 solo
2660 3475 2986 3531 adstrictos

433 3561 546 3617 Sed
599 3577 845 3631 prorsus
898 3561 1135 3618 nullum
1193 3564 1611 3619 testimonium
1666 3564 1776 3619 aut
1809 3563 2097 3618 indicium
2150 3563 2338 3632 extat,
2377 3578 2494 3631 quo
2533 3563 2765 3632 probari
2800 3563 2990 3631 possit

431 3648 821 3718 imperatores
873 3665 1152 3706 romanos
1199 3651 1317 3706 tale
1352 3651 1708 3706 institutum
1745 3650 2017 3705 imitatos
2054 3664 2185 3704 esse
2222 3649 2286 3704 et
2318 3650 2382 3704 in
2421 3651 2614 3705 terras
2650 3649 2992 3705 occidentes

432 3736 740 3805 recepisse.
792 3736 976 3792 Plane
1031 3738 1330 3793 assentior
1377 3738 1503 3793 viro
1540 3736 1596 3793 d.
1633 3737 1696 3792 P.
1734 3737 1807 3791 M.
1844 3737 2081 3792 Mum
2116 3737 2318 3792 locuto
2352 3736 2650 3805 (36111636
2686 3751 2792 3792 zur
2826 3736 2990 3792 alten

431 3822 792 3879 Geschichte
845 3823 891 3894 1,
945 3840 1001 3894 p.
1054 3825 1211 3894 424):
1265 3826 1343 3880 Es
1390 3825 1474 3879 ist
1523 3825 1888 3893 zuzugeben,
1925 3825 2065 3880 dasz
2102 3824 2196 3879 die
2232 3838 2352 3879 von
2388 3824 2833 3879 Haussoumzn
2866 3838 2991 3880 ver·

429 3910 799 3967 offentlichte
838 3911 1129 3967 Inschrift
1169 3911 1276 3967 das
1312 3912 1529 3968 alteste
1566 3926 1686 3967 uns
1722 3912 2028 3967 bekannte
2065 3911 2415 3967 Dokument
2449 3910 2545 3967 fur
2580 3911 2674 3967 die
2702 3912 2992 3967 Existenz

431 3997 534 4054 der
589 3997 961 4054 Gutshoheit
994 3999 1094 4055 ist.
1131 3999 1412 4055 Dadurch
1448 3999 1530 4054 ist
1564 4000 1706 4055 aber
1740 3999 2047 4054 durchaus
2084 3999 2257 4054 nicht
2295 3998 2813 4068 ausgeschlossen,
2852 3998 2991 4054 dasz

431 4087 586 4140 auch
639 4086 703 4141 in
757 4086 985 4142 andern
1043 4086 1319 4142 Landern
1372 4087 1508 4142 eine
1564 4086 1831 4154 analoga,
1867 4086 2146 4155 parallele
2185 4086 2656 4153 Entwickelung
2691 4084 2795 4140 der
2830 4100 2990 4155 6316-

431 4172 670 4228 rischen
710 4171 1127 4229 Verbaltnisse
1165 4173 1479 4229 stattfand.
1516 4172 1622 4228 Die
1659 4173 1923 4241 Bildung
1959 4172 2126 4228 eines
2163 4172 2700 4240 unselbstandigen
2730 4173 2991 4228 Bauern-

431 4259 677 4315 standes
730 4260 814 4315 ist
862 4260 996 4316 eine
1034 4261 1149 4316 den
1186 4260 1482 4316 ostlichen
1523 4259 2133 4315 Mittelmeerlandern
2168 4260 2229 4314 in
2270 4259 2387 4314 den
2423 4259 2649 4316 letzten
2686 4257 2988 4315 Jahrhun·

428 4346 638 4402 derten
676 4362 780 4403 vor
818 4361 1067 4403 unserer
1104 4348 1551 4416 Zeitrechnung
1587 4347 2053 4416 eigentiimliche
2091 4347 2526 4415 Erscheinung.

502 4434 539 4497 ι)
576 4433 926 4503 Sonumnn,
962 4434 1132 4490 Rom.
1154 4434 1428 4490 Grundh.
1447 4433 1743 4489 Vorwort.
1768 4465 1820 4474 —
1847 4434 2157 4502 copiosius
2176 4434 2248 4488 de
2270 4434 2382 4489 hac
2407 4448 2469 4489 re
2494 4434 2618 4502 egit
2637 4449 2732 4503 pp.
2750 4433 2987 4503 93-983

431 4535 484 4589 p.
518 4522 618 4577 94:
654 4520 784 4577 Auf
817 4522 933 4577 den
971 4521 1370 4577 kaiserlichen
1407 4520 1766 4576 Territorien
1797 4520 1990 4576 find.t
2016 4521 2144 4576 sich
2163 4521 2304 4588 jene
2324 4520 2755 4590 Vermengung
2773 4521 2989 4590 privat·

431 4607 790 4663 rechtlicher
826 4607 1015 4676 Dinge
1053 4609 1167 4663 mit
1202 4608 1790 4677 staatsrechtlichen,
1829 4606 2373 4677 „patrimonialen”‚
2411 4607 2525 4662 wie
2562 4622 2627 4662 es
2663 4608 2748 4664 im
2775 4607 2990 4664 Mittel·

429 4694 580 4750 alter
635 4696 846 4765 heiszt,
903 4696 1133 4751 welche
1189 4696 1326 4751 dem
1380 4695 1721 4751 Conductor
1775 4695 1954 4750 einen
1991 4694 2538 4763 magistratischen,
2576 4695 2690 4750 den
2731 4694 2989 4752 Colonen

430 4782 605 4837 einen
645 4782 1122 4851 unterthanigen
1160 4782 1489 4838 Charakter
1524 4781 1802 4853 verleiht,
1840 4782 1930 4837 sie
1953 4780 2061 4837 auf
2078 4782 2172 4836 die
2194 4780 2364 4837 Stufe
2384 4781 2490 4836 des
2506 4782 2989 4838 instrumentum

431 4868 860 4924 herabdrsickt.

2750 4964 2813 5019 11
