3770 5738
1577 1065 2216 1167 CAPUT
2313 1069 2479 1167 ΙΙ.

747 1612 948 1681 Nun
986 1612 1119 1682 118
1160 1612 1635 1701 SAEGULIS,
1676 1596 1926 1698 QUAE
1958 1613 2484 1682 COLONATUI
2505 1612 3302 1703 ANTEGESSERUNT,

858 1731 1209 1817 UBIQUE
1256 1731 1356 1799 IN
1402 1731 1713 1827 Locum
1760 1731 2435 1800 AGRIGOLARUM
2483 1731 2765 1801 SERVI
2812 1731 3189 1802 RUSTIGI

1766 1848 2287 1920 SUBIERINT.

839 2105 1048 2171 Haud
1120 2106 1594 2172 necessarium
1641 2106 1928 2172 videtur
1973 2107 2239 2171 multas
2289 2109 2361 2171 et
2408 2106 2646 2171 varias
2694 2107 3075 2188 opinioneS,
3124 2123 3302 2188 quae

746 2224 830 2289 de
879 2225 1144 2305 origine
1182 2224 1363 2306 juris
1410 2225 1778 2290 colonatus
1826 2225 2156 2306 deinceps
2194 2228 2367 2289 sunt
2413 2225 2746 2307 prolatae,
2795 2225 2866 2290 in
2921 2228 3300 2306 conspectu

744 2359 1036 2425 ponere;
1086 2343 1390 2423 primum
1438 2343 1603 2424 quia
1648 2345 1978 2408 vetustae
2025 2342 2185 2407 illae
2232 2358 2557 2421 magnam
2606 2344 2880 2424 partem
2925 2346 3053 2407 aut
3097 2343 3298 2425 parvi

743 2463 870 2526 aut
937 2460 1199 2527 nullius
1269 2462 1608 2527 momenti
1677 2463 1845 2526 sunt
1916 2461 2001 2525 ad
2065 2460 2476 2525 hodiernum
2540 2461 2976 2541 quaestionis
3025 2464 3297 2526 statum

743 2578 1331 2660 intellegendum3
1381 2582 1747 2660 praeterea
1793 2579 2124 2659 quoniam
2171 2579 2570 2660 hujusmodi
2619 2579 2914 2644 historia
2953 2580 3294 2661 quaestio-

738 2697 849 2762 nis
894 2696 1043 2778 jam
1088 2698 1354 2780 scripta
1400 2700 1533 2780 est,
1574 2698 1811 2779 semel,
1845 2714 2030 2762 anno
2071 2697 2264 2778 1876,
2291 2715 2333 2762 a
2360 2698 2511 2762 viro
2539 2697 2602 2761 d.
2632 2697 3175 2764 Hms'rnnsnaex
3202 2692 3287 2779 ¹);

736 2815 896 2881 dein
944 2815 1168 2882 multo
1214 2815 1444 2882 fusius
1490 2834 1533 2882 a
1580 2816 1731 2882 viro
1780 2816 1843 2881 d.
1894 2814 2145 2898 Saena,
2192 2833 2379 2882 anno
2433 2817 2605 2882 1890
2632 2812 2703 2894 2).
2757 2816 3017 2882 Tamen
3041 2833 3288 2898 operae

733 2934 1040 3016 pretium
1078 2937 1200 3000 *est
1247 2935 1593 3017 inquirere
1641 2952 1777 3016 quo
1824 2935 1971 3018 fiat,
2028 2942 2110 3000 ut
2157 2934 2458 3016 simplici
2505 2935 2607 3000 illi
2653 2953 2734 3000 ac
2783 2936 2934 3018 ipsa
2960 2937 3288 3002 veritatis

729 3054 932 3134 signa
1000 3071 1165 3135 prae
1236 3071 1311 3119 se
1379 3053 1636 3119 ferenti
1704 3054 2178 3136 explicationi,
2252 3054 2636 3120 secundum
2686 3071 2898 3135 quam
2944 3055 3286 3136 agricolae

727 3175 941 3238 antea
987 3172 1187 3238 liberi
1234 3172 1524 3238 fuerunt
1571 3173 1689 3254 qui
1730 3173 1983 3239 deinde
2022 3173 2166 3253 juri
2213 3173 2579 3239 colonatus
2612 3174 2895 3239 obnoxii
2921 3173 3094 3239 facti
3115 3174 3283 3256 sint,

730 3328 813 3337 —
887 3291 971 3356 de
1041 3293 1169 3357 hac·
1239 3292 1426 3357 enim
1499 3309 1574 3357 re
1645 3292 1767 3356 vix
1838 3292 2206 3373 quisquam
2270 3292 2624 3357 dubitabit
2670 3292 2788 3373 qui
2835 3292 3024 3373 leges
3072 3309 3285 3373 supra

724 3412 1075 3475 tractatas
1128 3410 1359 3475 animo
1405 3428 1545 3475 non
1593 3413 2101 3493 praeoccupato
2149 3410 2321 3491 legit
2372 3447 2451 3456 —
2502 3413 2613 3476 tot
2662 3411 2841 3476 aliae
2889 3427 3279 3493 praecesse·

723 3529 871 3594 rint
918 3529 1176 3611 partim
1224 3529 1439 3594 etiam
1487 3547 1674 3594 nunc
1723 3530 2234 3611 comprobatae.
2330 3530 2616 3594 Praeter
2672 3529 2848 3594 alias
2896 3545 3145 3595 causas
3194 3519 3278 3576 ss

723 3648 907 3713 inter
981 3664 1154 3728 quas
1223 3647 1566 3728 imprimis
1635 3648 1892 3713 raritas
1962 3633 2266 3713 fontium
2340 3651 2454 3713 est
2500 3648 2925 3713 nominanda
2974 3684 3057 3693 —
3110 3648 3280 3713 haec

723 3766 1170 3848 potissimum
1217 3766 1588 3832 memorari
1636 3766 1880 3832 debet:
1934 3769 2136 3832 extat
2184 3767 2370 3832 enim
2417 3767 2808 3831 communis
2857 3767 3000 3831 fere
3049 3767 3280 3848 opinio

722 3903 844 3967 per
927 3887 1361 3967 postremum
1447 3884 1805 3950 saeculum
1884 3884 2145 3950 liberae
2215 3885 2315 3950 rei
2385 3885 2703 3966 publicae
2772 3886 2986 3966 atque
3057 3885 3282 3966 prima

725 4004 1008 4069 saecula
1077 4003 1371 4085 imperii,
1421 4019 1501 4069 eo
1550 4003 1766 4083 igitur
1813 4006 2127 4085 tempore
2175 4019 2309 4083 quo
2360 4003 2734 4068 latifundia
2782 4006 3159 4068 creverunt
3206 4005 3280 4068 et

718 4121 1128 4203 floruerunt,
1199 4121 1661 4202 agricolarum
1725 4121 2040 4187 ordinem
2087 4139 2373 4203 prorsus
2423 4121 2695 4187 nullum
2738 4121 2977 4187 fuisse.
3027 4122 3280 4188 Secun-

720 4240 885 4305 dum
933 4242 1112 4305 hanc
1159 4241 1611 4323 sententiam,
1661 4257 1838 4321 quae
1887 4241 2022 4305 viri
2050 4240 2111 4304 d.
2140 4241 2495 4306 Ronsssmu
2519 4241 2945 4306 auctoritate
2972 4241 3278 4305 maxime

717 4358 993 4440 nititur,
1043 4351 1165 4441 pe‘r
1211 4357 1385 4423 illud
1436 4363 1715 4440 tempus
1764 4359 1834 4422 in
1885 4358 2114 4424 locum
2139 4359 2601 4439 agricolarum
2628 4358 2946 4452 culturae
2971 4358 3277 4424 laborem

716 4494 1082 4542 servorum
1151 4477 1622 4542 substitutum
1692 4494 1846 4542 esse
1918 4477 2324 4559 perhibent3
2396 4481 2610 4558 atque
2681 4480 2925 4558 postea
2995 4470 3277 4541 demum

788 4689 827 4758 ¹)
865 4689 932 4745 B.
968 4689 1466 4761 Emeum-snex,
1503 4689 1609 4752 Die
1630 4639 2032 4758 'Entstehung
2067 4689 2172 4752 des
2206 4689 2503 4746 Colonats.
2543 4689 2696 4746 1876.
2739 4762 2750 4770 μ
2799 4765 2806 4774 ⁸

787 4777 828 4845 ¹)
867 4775 1024 4833 Gmo
1079 4777 1298 4848 Saena,
1338 4777 1549 4833 Studio
1584 4776 1742 4833 sulla
1775 4777 2002 4846 origine
2038 4791 2071 4832 e
2107 4776 2261 4833 sullo
2298 4776 2572 4846 sviluppo
2610 4777 2830 4833 storico
2869 4776 2965 4833 del
3000 4776 3274 4833 colonato
3351 4783 3364 4798 ·

713 4876 980 4920 romano.
1013 4865 1300 4921 Archivio
1336 4864 1657 4951 Giuridico.
1692 4865 1779 4935 42,
1814 4865 1901 4936 43,
1935 4865 2021 4934 44,
2054 4864 2140 4921 46.
3181 4879 3196 4896 ·
