3770 5738
1965 498 2092 562 142

760 697 1271 780 „operariorum
1366 673 1679 777 copiam''
1773 671 2209 772 haberent'1).
2290 694 2423 760 Sed
2491 697 2561 760 hi
2632 697 2852 779 magis
2946 699 3307 781 magisque

753 814 1188 896 deficiebant,
1244 814 1570 895 quoniam
1621 813 1688 894 ii,
1741 814 1859 895 qui
1900 816 2105 877 extra
2152 815 2594 893 negotiosum
2637 817 2919 896 tempus
2967 833 3140 897 opus
3167 835 3302 882 non

752 934 1225 1015 inveniebant,
1297 936 1693 1013 promptam
1770 932 2135 996 materiam
2208 933 2640 1013 praebebant
2709 933 2811 997 illi
2866 935 3304 1014 emigrationi

751 1053 819 1116 in
889 1052 1119 1132 urbeS,
1189 1067 1366 1131 quae
1436 1067 1648 1131 supra
1717 1052 2257 1114 commemorata
2332 1055 2460 1114 est.
2536 1051 2770 1132 Atque
2837 1052 3007 1117 haec
3076 1053 3306 1133 inopia

750 1171 966 1234 etiam
1028 1170 1253 1249 magis
1328 1185 1571 1249 urgere
1612 1168 1842 1249 coepit
1889 1185 1970 1232 eo
2019 1171 2354 1248 tempore,
2405 1186 2538 1249 quo
2588 1187 2724 1233 non
2774 1170 3076 1251 amplius
3124 1170 3306 1236 bella

750 1288 1042 1370 populos
1129 1287 1494 1367 subigendi
1562 1303 1774 1351 causa
1843 1286 2288 1366 gerebantur,
2362 1303 2495 1365 quo
2570 1286 2780 1352 fiebat
2842 1291 2924 1352 ut
2971 1306 3306 1353 numerus

749 1424 1113 1472 servorum
1184 1423 1321 1470 non
1394 1404 1694 1486 amplius
1768 1406 2177 1468 constanter
2256 1404 2699 1485 suppleretur
2768 1410 2981 1485 atque
3051 1405 3303 1471 idcirco

749 1524 952 1590 valde
1002 1523 1560 1588 imminueretur.
1608 1522 1774 1604 (vid.
1823 1540 1888 1603 p.
1947 1523 2117 1602 115.)

840 1644 938 1707 Ea
1008 1643 1211 1723 rati0,
1286 1658 1421 1722 qua
1491 1640 1863 1705 difficultas
1945 1640 2125 1704 solvi
2197 1657 2399 1720 posse
2447 1641 2839 1723 videbatur,
2890 1645 3043 1706 erat
3090 1643 3301 1708 intro·

750 1761 988 1827 ductio
1038 1777 1401 1842 operarum
1454 1759 1892 1823 diurnarum:
1943 1758 2267 1824 dominus
2315 1761 2551 1839 partes
2600 1761 2861 1839 praedii
2894 1762 3004 1825 sui
3037 1761 3300 1826 colonis

748 1881 954 1962 locat,
1028 1879 1283 1960 quibus
1352 1877 1561 1941 simul
1633 1877 1933 1957 imperat
2001 1880 2085 1941 ut
2153 1894 2399 1958 operas
2470 1879 2853 1958 praebeant
2921 1880 3005 1944 ad
3056 1880 3298 1945 villam

747 2000 970 2080 ipsam
1042 2000 1115 2062 et
1160 2013 1363 2084 agros
1412 1995 1723 2076 proxime
1773 1995 2350 2076 circumjacentes
2398 1995 2723 2080 colendos
2749 1992 2821 2074 2).
2898 1997 3047 2062 Hoc
3094 1999 3298 2064 modo
3366 2079 3369 2084 Ι

749 2116 1008 2199 duplex
1088 2115 1360 2180 lucrum
1430 2114 1635 2178 facit:
1705 2113 2092 2178 mercedem
2164 2114 2353 2194 capit
2423 2130 2509 2178 ex
2580 2115 2766 2195 agris
2834 2119 3044 2180 antea
3091 2133 3297 2197 saepe

745 2235 1056 2316 incultiS,
1107 2236 1181 2298 et
1228 2232 1577 2314 operarios
1631 2232 1980 2312 gratuitos
2038 2232 2357 2312 acquirit,
2407 2232 2660 2312 quibus
2706 2232 2792 2296 ad
2842 2251 2971 2298 sua
3018 2235 3297 2315 negotia

744 2355 851 2418 uti
942 2354 1178 2435 potest
1205 2347 1274 2428 3).
1345 2351 1423 2415 In
1497 2351 1688 2416 saltu
1758 2350 2197 2414 Burunitano
2271 2367 2604 2414 numerus
2676 2350 2966 2431 dierum,
3043 2353 3294 2431 quibus

744 2489 991 2555 operae
1073 2473 1147 2535 et
1224 2470 1395 2551 juga
1462 2469 1809 2551 praestari
1881 2468 2250 2549 debebant,
2322 2469 2476 2532 erat
2544 2469 2615 2548 63
2688 2468 2758 2532 in
2834 2468 3292 2551 inscriptione

743 2593 1038 2656 inventa
1106 2588 1290 2670 apud
1364 2587 1540 2652 Gasr
1613 2587 1893 2652 Mezuar
1946 2586 2026 2650 12
2076 2588 2742 2667 commemorantur3
2793 2590 3292 2668 computantur

741 2711 811 2774 in
881 2707 1194 2788 singulos
1261 2723 1483 2770 annos
1555 2708 1628 2770 et
1703 2705 1813 2789 „in
1885 2704 2183 2784 singulis
2254 2699 2795 2781 hominibus'’⁴).
2847 2703 2979 2769 Sed
3029 2706 3290 2771 scimus

740 2844 946 2909 saepe
1018 2825 1298 2892 colonos
1362 2824 1445 2889 de
1492 2823 2071 2904 superexactione
2120 2839 2490 2904 operarum
2537 2826 2825 2903 questos
2871 2840 3046 2907 esse,
3094 2827 3168 2890 et
3216 2842 3288 2891 re

809 3122 849 3186 ¹)
887 3120 1051 3175 Cato.
1085 3120 1156 3173 de
1198 3132 1261 3173 re
1299 3118 1448 3172 rust.
1487 3116 1532 3184 Ι,
1570 3116 1671 3170 ubi
1709 3115 2059 3185 praescribit
2094 3115 2237 3183 quid
2277 3115 2553 3169 animum
2590 3114 2898 3171 advertere
2937 3116 3149 3172 debeat
3184 3119 3288 3187 qui

738 3208 1051 3278 praedium
1086 3219 1293 3275 parare
1331 3204 1583 3272 cogitat:
1623 3202 1714 3257 uti
1752 3203 1980 3258 bonum
2018 3202 2249 3257 caelum
2288 3202 2574 3257 habeat..
2598 3243 2647 3256 ..
2684 3203 2798 3256 sub
2834 3203 3027 3259 radice
3065 3206 3290 3261 montis

739 3296 872 3362 siet,
908 3294 970 3349 in
1009 3293 1316 3349 meridiem
1356 3292 1605 3360 spectet,
1643 3290 1770 3345 loco
1807 3289 2049 3357 salubri,
2088 3289 2492 3358 operariorum
2531 3289 2697 3358 copia
2731 3290 2863 3345 siet.

809 3384 850 3451 ²)
891 3382 1000 3451 „Er
1050 3379 1275 3447 befolgt
1325 3378 1450 3432 also
1503 3378 1638 3432 eine
1694 3391 1845 3445 ganz
1900 3376 2180 3431 ahnliche
2234 3375 2473 3443 Politik,
2529 3376 2645 3429 wie
2700 3378 2787 3431 sie
2833 3377 2989 3444 jetzt
3041 3377 3138 3434 ssu·
3173 3379 3288 3435 den

738 3468 1157 3539 preussischen
1212 3465 1395 3520 Osten
1450 3463 1793 3533 empfoblon
1848 3464 2016 3532 wird,
2071 3477 2167 3518 wo
2204 3478 2344 3517 man
2375 3463 2440 3530 ja
2485 3464 2640 3518 auch
2677 3463 2867 3519 durch
2904 3465 3135 3533 Anlage
3172 3481 3288 3522 von

738 3552 1214 3612 Bauerndorfern
1271 3552 1406 3606 dem
1463 3550 1984 3618 Arbeitermangel
2026 3549 2129 3621 der
2165 3564 2412 3617 groszen
2451 3549 2644 3605 Giiter
2679 3551 2955 3606 abhelfen
2993 3553 3288 3609 mochte.”

745 3673 794 3683 -
843 3644 1062 3710 snex,
1099 3641 1206 3695 Die
1241 3639 1926 3706 Pachtbestimmungen
1964 3638 2132 3692 eines
2169 3642 2316 3692 rom.
2355 3636 2546 3692 Gutes
2582 3638 2644 3693 in
2683 3638 2907 3695 Afrika.
2945 3639 3290 3697 Zeitschrift

737 3732 774 3787 f.
812 3730 942 3787 Soc.
979 3729 1104 3784 und
1142 3727 1235 3781 W.
1270 3725 1473 3794 gesch.
1507 3724 1610 3779 VI.
1648 3740 1703 3793 p.
1737 3724 1857 3779 333.

807 3818 848 3884 ⁸)
868 3815 1306 3880 Cf.Hnuss1.m³‚
1326 3812 1688 3867 Geschichte
1710 3812 1833 3866 und
1848 3811 2053 3866 Kritik
2067 3811 2171 3865 des
2184 3811 2531 3866 russischen
2543 3812 2923 3869 bauerlichen
2938 3813 3285 3871 Gemeinde·

736 3906 1007 3961 besitzeS.
1046 3902 1121 3957 11.
1153 3916 1208 3970 p.
1237 3900 1358 3956 236.
1393 3899 1496 3967 „N.
1524 3898 1803 3965 Kuppnn,
1836 3898 2349 3954 Gfiterverwalter
2379 3898 2483 3953 des
2513 3898 2770 3955 Fiirsten
2803 3899 3292 3960 Tachernischotf

736 3993 849 4061 gab
903 4005 1009 4045 vor
1062 3990 1166 4044 der
1219 3987 1877 4056 Enquetecommission
1929 3986 2074 4040 iiber
2111 3985 2205 4040 die
2243 3986 2557 4041 Resultate
2594 3986 2699 4041 der
2732 3988 3145 4059 Abschaffung
3179 3991 3283 4046 der

736 4078 1041 4135 Sklaverei
1094 4075 1366 4144 folgende
1403 4076 1678 4141 Aussage
1714 4073 1816 4128 ab:
1853 4072 2278 4141 Gegenwartig
2316 4073 2466 4127 wird
2503 4074 2567 4128 in
2605 4074 2722 4129 den
2759 4075 3282 4133 Gouvernements

735 4168 933 4222 Mosca
986 4165 1110 4218 und
1164 4160 1402 4231 Kaluga
1455 4161 1547 4215 die
1605 4159 2117 4216 Landwirtschaft
2170 4160 2284 4215 mit
2333 4165 2666 4227 groszerem
2714 4162 2855 4216 oder
2908 4164 3280 4232 geringerem

735 4253 966 4322 Erfolge
1004 4266 1120 4307 nur
1155 4250 1262 4305 auf
1293 4249 1407 4305 den
1444 4249 1720 4317 groszten
1757 4246 1992 4302 Gfitern
2029 4247 2353 4316 betrieben‚
2389 4262 2483 4302 wo
2520 4249 2624 4302 der
2659 4248 2855 4304 Herrn
2892 4250 3009 4305 den
3045 4251 3282 4307 Bauern

736 4341 989 4410 gewisze
1042 4337 1443 4407 Agrarrechte
1497 4349 1686 4404 gegen
1739 4334 2046 4401 Arbeiten‚
2100 4333 2194 4389 die
2246 4335 2334 4389 sie
2369 4333 2477 4388 auf
2507 4335 2622 4390 den
2659 4335 3170 4405 Herrengrfinden
3206 4354 3279 4395 zu

734 4429 948 4484 leisten
986 4426 1199 4491 haben,
1238 4424 1551 4479 fiberlaszt.
1589 4422 1792 4477 Damit
1826 4420 2085 4475 erreicht
2119 4436 2261 4481 man
2298 4422 2474 4476 einen
2505 4422 2825 4490 doppelten
2860 4424 3103 4480 Zweck:
3141 4441 3299 4501 man·

735 4515 899 4571 zieht
949 4513 1083 4568 eine
1137 4512 1330 4567 Rente
1378 4526 1489 4566 aus
1526 4509 1934 4566 unbebautem
1973 4507 2190 4577 Laude,
2228 4508 2335 4563 das
2370 4511 2543 4563 sonat
2578 4510 2753 4565 keine
2792 4510 3045 4567 Pachter
3080 4513 3280 4569 finden

734 4602 961 4669 warde,
1022 4600 1147 4654 und
1209 4599 1302 4654 die
1360 4595 1857 4653 herrschaftliche
1919 4594 2275 4650 Wirtschaft
2326 4595 2477 4650 wird
2532 4596 2689 4651 ohne
2742 4598 2951 4665 irgend
3006 4601 3280 4657 welchen

734 4686 1266 4758 Kapitalaufwand
1316 4683 1677 4741 betrieben.'’
1730 4682 2023 4749 (Laudata
2073 4697 2109 4737 a
2164 4683 2289 4738 viro
2339 4682 2393 4738 d.
2430 4686 2504 4739 A.
2540 4684 2752 4755 LomA,
2789 4686 3043 4744 Zeitsch.
3077 4688 3116 4744 f.
3152 4688 3280 4745 Soc.

734 4776 858 4832 und
898 4773 1180 4830 Wirtsch.
1216 4772 1437 4842 gesch.)

802 4863 846 4933 ⁴)
883 4862 1009 4917 Lex
1044 4860 1370 4916 Manciana.
1403 4858 1509 4915 IV.
1543 4858 1636 4925 253
1672 4858 1764 4913 vir
1800 4856 1872 4912 cl.
1910 4856 2111 4911 ὅπως
2148 4856 2316 4926 legit:
2352 4859 2416 4914 in
2453 4859 2728 4930 singulos
2763 4862 3056 4921 homines,
