3770 5738
1633 519 1759 584 145

405 735 559 782 cum
629 716 1151 782 instrumento''
1181 712 1255 800 1).
1330 715 1607 781 Colonis
1654 732 1861 797 saepe
1915 733 2003 780 ex
2051 716 2224 782 villa
2267 717 2465 782 cibus
2511 716 2954 798 afferebatur,

403 840 479 900 ut
547 835 928 901 verisimile
1001 839 1132 917 est,
1204 851 1326 915 per
1398 833 1466 898 id
1536 836 1822 898 tantum
1894 837 2197 917 tempUS,
2260 851 2394 916 quo
2446 835 2705 900 domini
2754 851 2956 916 agros

401 955 820 1019 exercebant
847 950 921 1035 ²).
981 954 1155 1018 Tota
1203 952 1516 1017 condicio
1565 952 1740 1016 mire
1790 954 2122 1018 convenit
2167 971 2326 1018 cum
2352 953 2723 1019 locationis
2748 952 2956 1035 parti-

400 1073 583 1138 ariae
659 1073 968 1151 ratione3
1043 1070 1254 1151 huJus
1304 1087 1576 1152 quoque
1625 1071 1811 1134 enim
1861 1073 2168 1136 maxime
2216 1072 2566 1153 peculiare
2615 1075 2726 1137 est
2773 1071 2956 1152 quod

398 1208 468 1255 re
539 1207 706 1255 vera
780 1190 1104 1254 dominus
1175 1189 1324 1270 ipse
1373 1189 1471 1253 rei
1526 1190 1833 1254 rusticae
1878 1192 2160 1271 praeest
2208 1194 2281 1254 et
2329 1189 2680 1255 culturam
2731 1189 2956 1255 mode·

398 1314 595 1374 ratur
621 1304 691 1392 3).
745 1308 966 1390 Quam
1015 1307 1265 1372 debilis
1317 1308 1445 1371 hac
1496 1325 1567 1372 re
1617 1308 1831 1372 fuerit
1881 1308 2283 1373 colonorum
2330 1308 2642 1374 condicio
2666 1311 2960 1390 apparet

399 1428 610 1493 etiam
654 1445 744 1492 ex
780 1427 1308 1491 constructione
1343 1426 1645 1506 jnridica
1680 1427 1861 1508 juris
1901 1426 2194 1491 locandi.
2229 1427 2445 1512 „Was
2470 1428 2649 1492 nach
2674 1444 2959 1492 unsrem

399 1546 770 1625 geltenden
845 1546 1068 1609 Recht
1137 1543 1296 1609 kein
1373 1545 1551 1609 noch
1600 1562 1676 1609 so
1727 1545 2146 1610 drakonisch
2194 1544 2538 1625 gefasster
2586 1545 2960 1611 Mietskon·

400 1664 618 1745 trakt‚
666 1663 984 1728 welchen
1034 1662 1826 1728 Hausbesitzervereine
1869 1663 2009 1727 und
2060 1663 2382 1729 ahnliche
2410 1663 2961 1729 Interessenten·

402 1799 712 1863 gruppen
761 1782 1089 1846 ersinnen
1139 1787 1409 1862 mogen,
1456 1780 1754 1846 erzielen
1803 1782 2032 1846 kann:
2085 1782 2249 1847 dasz
2295 1782 2416 1847 der
2462 1781 2709 1847 Mieter
2735 1786 2964 1847 zuerst

403 1907 688 1964 raumen
723 1917 923 1964 musz
953 1899 1095 1963 und
1131 1900 1310 1963 dazu
1339 1901 1517 1964 ohne
1548 1899 1837 1964 Prozess
1866 1900 1960 1964 im
1987 1897 2614 1981 Selbsthulfewege
2642 1917 2962 1981 gezwun·

402 2035 533 2099 gen
598 2019 880 2084 werden
940 2018 1152 2098 kann,
1215 2018 1357 2082 und
1425 2018 1607 2083 dann
1671 2018 1915 2083 seinen
1964 2017 2282 2083 Schaden
2330 2018 2740 2099 liquidieren
2788 2019 2963 2102 darf‚

405 2154 609 2202 wenn
659 2155 734 2202 er
784 2137 987 2202 einen
1036 2137 1319 2201 solchen
1370 2136 1509 2200 und
1562 2137 1711 2201 sein
1761 2138 1988 2202 Recht
2032 2138 2210 2202 noch
2264 2138 2514 2203 weiter
2551 2155 2640 2203 zu
2665 2139 2963 2203 wohnen

406 2256 849 2320 nachweisen
925 2255 1136 2337 kann,
1213 2254 1337 2319 das
1407 2254 1505 2319 ist
1575 2255 1772 2320 nicht
1847 2273 1981 2320 nur
2025 2255 2138 2320 fiir
2186 2255 2804 2338 Miete1·‚sondern
2852 2255 2966 2321 fiir

409 2373 704 2439 Pachter
775 2374 869 2438 im
936 2374 1327 2438 romischen
1391 2373 1619 2438 Recht
1681 2391 1842 2438 zum
1908 2373 2188 2456 Princip
2254 2372 2599 2440 erhoben'’
2634 2370 2705 2459 4).
2774 2374 2967 2440 Haec

412 2492 734 2558 debilitas
796 2493 947 2557 sine
1011 2492 1220 2557 dubio
1292 2510 1375 2557 ea
1421 2509 1493 2556 re
1544 2491 1882 2574 explicari
1932 2494 2188 2574 potest,
2236 2493 2418 2572 quod
2465 2494 2728 2559 colonis
2776 2493 2969 2559 nulla

411 2611 605 2692 copia
630 2614 804 2692 erat,
831 2610 1393 2691 quandoquidem
1419 2610 1769 2676 industria
1792 2611 1862 2675 in
1894 2613 2101 2677 rebus
2125 2629 2339 2676 manu
2361 2612 2700 2678 faciendis
2715 2613 2968 2696 posita,

412 2745 588 2809 quae
652 2728 909 2794 liberos
968 2728 1287 2793 homines
1344 2729 1666 2811 excipere
1733 2732 1993 2811 posset,
2045 2729 2307 2813 deerat,
2355 2733 2439 2795 ut
2484 2731 2621 2796 alio
2668 2732 2969 2812 quaestu

412 2847 936 2913 sustinerentur
962 2842 1037 2931 ⁵).

506 2965 766 3048 Quodsi
834 2983 922 3030 ex
993 2966 1183 3030 hisce
1254 2966 1461 3030 rebus
1528 2968 1822 3048 apparet
1896 2969 2241 3046 quantum
2316 2967 2641 3033 dominus
2689 2985 2970 3049 praeva-

415 3084 626 3149 luerit
691 3084 795 3148 ita
868 3086 950 3147 ut
1016 3084 1079 3149 ei
1128 3083 1332 3148 facile
1404 3087 1591 3148 esset
1654 3083 2057 3149 colonorum
2104 3102 2279 3166 opus
2325 3085 2516 3150 nullo
2564 3086 2790 3166 pretio
2837 3087 2971 3151 sibi

415 3203 793 3283 acquirere,
878 3237 941 3247 —-
1029 3201 1396 3283 rationem,
1469 3202 1784 3284 formam,
1852 3219 1989 3283 qua
2060 3202 2127 3266 id
2190 3204 2321 3268 sibi
2369 3204 2781 3286 vindicavit,
2832 3221 2968 3269 non

417 3321 562 3401 ipse
624 3320 1078 3400 excogitavit.
1167 3320 1300 3386 Hic
1362 3337 1634 3401 quoque
1684 3321 2085 3402 exemplum
2135 3339 2225 3386 ex
2268 3322 2561 3387 historia
2608 3326 2972 3405 sumptum

417 3437 844 3519 probabilem
919 3439 1393 3534 conjecturam
1464 3441 1702 3519 potest
1764 3439 2065 3504 fortasse
2114 3440 2541 3506 confirmare.
2635 3440 2715 3505 In
2764 3442 2973 3506 terris

421 3557 756 3622 Rumenis
803 3557 1051 3622 nativa
1098 3557 1415 3621 culturae
1463 3558 1644 3622 ratio
1694 3559 2045 3623 communi
2095 3576 2420 3640 agrorum
2468 3559 2774 3625 dominio
2800 3559 2972 3625 nite·

487 3742 529 3807 ¹)
568 3741 699 3810 Dig.
738 3740 972 3796 XXIII.
1008 3741 1059 3796 7.
1096 3741 1169 3796 de
1204 3742 1505 3798 instructo
1540 3742 1635 3796 vel
1672 3742 2082 3799 instrumento
2117 3743 2333 3813 legato.

489 3829 529 3894 ²)
567 3828 793 3885 Colum.
851 3828 929 3883 II.
981 3830 1032 3883 9.
1088 3828 1171 3884 17.
1226 3829 1395 3884 Inter
1436 3829 1746 3884 frumenta
1783 3830 1969 3885 etiam
2005 3831 2287 3900 panicum
2324 3832 2388 3885 et
2426 3831 2665 3886 milium
2700 3832 2979 3900 ponenda

422 3916 581 3984 sunt,
637 3916 916 3984 quamvis
962 3916 1090 3983 jam
1145 3916 1555 3985 leguminibus
1589 3931 1660 3971 ea
1695 3917 2148 3974 contribuerim.
2186 3917 2342 3974 Nam
2380 3919 2595 3974 multis
2632 3918 2978 3987 regionibus

421 4002 658 4058 cibariis
693 4017 899 4059 eorum
938 4003 1130 4058 coloni
1168 4003 1579 4058 sustinentur.

490 4088 530 4157 ³)
567 4089 966 4160 WAsszsm,
1023 4089 1128 4145 Die
1184 4090 1594 4159 Bodenpacht.
1646 4105 1704 4159 p.
1759 4091 1878 4146 158.
1921 4092 2036 4147 Ein
2079 4092 2513 4148 wesentliches
2549 4092 2838 4147 Merkmal
2875 4091 2980 4148 der

426 4175 750 4245 Teilpaoht,
789 4177 1112 4233 besonders
1148 4178 1307 4233 auch
1343 4177 1449 4232 der
1484 4177 1832 4247 modernen,
1869 4178 1953 4233 ist
1990 4179 2096 4233 das
2133 4178 2329 4234 Recht
2363 4178 2470 4233 des
2506 4177 2978 4245 Gutsherrn,die

424 4264 777 4333 allgemeine
839 4264 1150 4333 Richtung
1210 4264 1315 4319 der
1373 4264 1751 4321 Produktion
1813 4280 1889 4320 zu
1950 4266 2312 4321 bestimmen
2375 4265 2500 4321 und
2560 4265 2656 4321 die
2710 4267 2826 4321 Art
2877 4265 2981 4321 der

428 4350 983 4421 Bewirtschaftung
1016 4367 1090 4407 zu
1130 4352 1549 4408 uberwachen.

492 4439 535 4505 ⁴)
572 4439 827 4508 WxBxR,
865 4455 919 4508 p.
955 4439 1074 4494 232.

498 4526 536 4592 ⁸)
574 4526 959 4594 HAR'rnAnn,
995 4526 1196 4581 Ueber
1232 4526 1325 4582 die
1361 4526 1631 4582 Ursache
1669 4526 1773 4581 des
1809 4525 2239 4595 Unterganges
2260 4526 2366 4582 des
2384 4526 2724 4582 romischen
2748 4526 2986 4583 ReichS.

431 4614 672 4669 Archiv.
708 4612 747 4668 f.
782 4628 899 4669 soz.
936 4613 1208 4682 Gesetzg.
1249 4629 1306 4668 u.
1343 4613 1497 4668 Stat.
1533 4613 1609 4668 II.
1650 4613 1837 4679 (1889)
1873 4628 1929 4682 p.
1965 4612 2086 4668 485.
2124 4612 2242 4669 Das
2279 4614 2366 4679 (in
2405 4613 2802 4683 vollstandige
2822 4614 2985 4669 wirt-

431 4700 786 4756 schaftliche
843 4700 1300 4769 Abhangigkeit
1334 4700 1651 4769 gerathen)
1688 4702 1922 4755 musste
1961 4700 2092 4756 sich
2128 4701 2270 4756 aber
2304 4700 2653 4770 notwendig
2687 4701 2750 4756 in
2786 4702 2988 4758 einem

436 4785 585 4842 doch
640 4787 1001 4842 wesentlich
1055 4786 1745 4843 landwirtschaftlichen
1802 4787 2008 4843 Staate
2060 4788 2360 4857 ereignen,
2415 4788 2480 4843 in
2532 4788 2668 4843 dem
2706 4788 2837 4844 sich
2873 4789 2990 4844 den

435 4872 922 4930 Arbeitskraften
959 4874 1136 4930 keine
1173 4873 1603 4943 anderweitige
1640 4873 2122 4943 Beschaftigung
2157 4875 2385 4931 darbot.

2750 4972 2819 5028 10
