3770 5738
2052 492 2090 554 2

793 670 1219 773 possidebat}
1261 706 1619 772 possessor
1673 690 2078 755 vocabatur.
2130 690 2393 755 Aetate
2442 690 2720 754 demum
2768 690 3221 773 imperatoria
3267 692 3349 757 de

788 809 877 874 iis
942 808 1356 889 praesertim
1426 807 1750 887 agricolis
1822 806 2247 871 vocabulum
2316 806 2709 888 adhibetur,
2781 807 2931 873 sive
2994 809 3350 889 proprium

786 927 938 991 sive
1006 926 1317 991 alienum
1379 926 1742 1006 praedium
1808 924 2223 1007 colentibus,
2277 925 2395 1005 qui
2442 928 2672 989 terrae
2720 925 2791 989 in
2840 943 2978 1006 qua
3026 926 3353 991 habitant

787 1045 857 1109 in
922 1016 1341 1126 perpetuum
1390 1045 1562 1107 sunt
1623 1042 1971 1107 adstricti.
2036 1041 2114 1107 In
2164 1043 2412 1107 horum
2459 1045 2744 1108 tantum
2793 1044 3195 1109 condicione
3245 1044 3350 1109 de-

786 1162 1154 1227 scribenda
1201 1161 1598 1242 disquisitio
1649 1164 1894 1226 nostra
1941 1160 2289 1226 versatur.

878 1282 991 1345 DE
1027 1278 1495 1345 FONTIBUS.
1548 1280 1980 1345 Testimonia
2028 1282 2373 1361 veterum,
2422 1297 2598 1361 quae
2662 1281 2747 1345 ad
2797 1281 3350 1361 cognoscendam

787 1400 1152 1465 colonatus
1213 1398 1579 1463 historiam
1644 1400 1882 1463 aetate
1948 1398 2402 1478 imperatoria
2441 1399 2643 1463 nobis
2693 1401 2975 1481 praesto
3023 1402 3213 1482 sunt,
3262 1400 3347 1463 ad

786 1519 926 1583 tria
973 1534 1230 1598 genera
1274 1520 1444 1581 sunt
1489 1516 1888 1598 referenda;
1938 1519 2109 1580 sunt
2156 1518 2397 1580 autem
2447 1517 2648 1582 haec:

897 1655 959 1701 α.
1058 1633 1626 1717 constitutiones,
1677 1651 1850 1714 quas
1916 1631 2373 1715 imperatores
2422 1634 2582 1699 inde
2630 1653 2673 1700 a
2720 1634 3183 1700 Constantino
3228 1652 3349 1716 per

1058 1753 1285 1819 multa
1330 1752 1615 1818 saecula
1664 1753 1991 1835 deinceps
2039 1752 2686 1835 promulgaverunt,
2722 1771 3034 1835 quaeque
3064 1771 3347 1835 sparsae

1056 1874 1311 1937 extant
1345 1872 1416 1936 in
1454 1870 1702 1936 Codice
1738 1871 2214 1936 Theodosiano
2250 1870 2539 1952 ejusque
2566 1870 2881 1936 Novellis
2906 1866 2976 1955 ¹),
3005 1872 3071 1935 in
3101 1871 3345 1936 Codice

1056 1991 1458 2056 Justiniano
1485 1986 1533 2068 2)
1583 1994 1797 2069 atque
1848 1989 2166 2071 eiusdem
2219 1990 2663 2072 imperatoris
2710 1968 3023 2055 Novellis
3050 1984 3139 2073 3);

911 2111 967 2175 b.
1065 2109 1560 2191 inscriptiones
1622 2107 2001 2174 nonnullae
2055 2124 2281 2189 neque
2334 2125 2457 2174 eae
2511 2108 2711 2190 parvi
2760 2108 3122 2188 momenti,
3162 2126 3342 2188 mag·

1058 2244 1220 2292 nam
1286 2231 1556 2308 partem
1629 2229 1698 2292 in
1778 2226 2032 2292 Africa
2090 2227 2448 2309 inventae,
2510 2228 2764 2308 quibus
2811 2227 2882 2291 in
2931 2227 3342 2292 universum

1056 2363 1170 2412 res
1248 2346 1523 2426 agraria
1586 2349 1660 2411 et
1735 2344 2050 2411 saltuum
2115 2346 2641 2411 administratio
2690 2347 2759 2410 in
2807 2345 3068 2410 claram
3115 2345 3341 2410 lucem

1054 2467 1225 2529 sunt
1274 2463 1628 2546 prolatae;

913 2603 964 2647 c.
1060 2583 1387 2664 perpauci
1445 2581 1578 2647 loci
1658 2583 1842 2664 apud
1914 2583 2292 2664 scriptores
2358 2582 2708 2663 aequaleS,
2781 2583 2852 2646 in
2929 2582 3184 2662 quibus
3258 2582 3342 2646 de

1052 2700 1319 2765 colonis
1358 2700 1566 2782 huJ'us
1616 2701 1955 2781 temporis
2001 2718 2230 2766 sermo
2273 2703 2402 2766 est.
2527 2758 2530 2759 γ

877 2817 1096 2901 QUID
1168 2817 1478 2885 LEGUM
1550 2818 2020 2885 PROPRIUM
2084 2819 2241 2885 SIT.
2285 2820 2540 2902 Leges,
2589 2836 2766 2901 quae
2814 2819 2964 2885 sive
3015 2817 3335 2885 consulto

785 2939 868 3004 de
940 2937 1204 3003 colonis
1272 2941 1495 3019 agunt
1563 2939 1715 3002 sive
1782 2939 2064 3003 nonnisi
2135 2939 2500 3004 occasione
2549 2939 2716 3004 data
2763 2955 3004 3004 eorum
3051 2937 3339 3003 mentio-

783 3074 946 3122 nem
1015 3057 1309 3139 saciunt‚
1379 3059 1493 3121 sat
1563 3056 1831 3121 multae
1904 3059 2197 3122 exstant
2221 3051 2291 3134 ⁴).
2364 3056 2498 3122 Sed
2564 3057 3122 3139 quandoquidem
3171 3056 3342 3119 sunt

784 3193 827 3240 a
873 3175 1173 3239 diversis
1219 3191 1340 3256 per
1388 3174 1773 3255 compluria
1823 3175 2106 3240 saecula
2156 3175 2659 3258 promulgatae,
2712 3192 2963 3256 corpus
3003 3174 3343 3256 praebent

783 3293 1071 3358 minime
1140 3293 1578 3375 absolutum;
1643 3310 2064 3374 quamquam
2131 3294 2488 3358 interdum
2540 3294 2626 3358 ad
2676 3293 2989 3375 singulas
3036 3308 3149 3356 res
3198 3291 3364 3374 des·-

783 3412 1115 3492 cendunt‚
1187 3412 1256 3475 id
1304 3412 1536 3493 ipsum
1600 3428 1726 3477 nos
1788 3412 1992 3477 docet
2040 3413 2304 3477 multas
2356 3412 2533 3477 alias
2587 3428 2844 3493 easque
2891 3410 3344 3492 gravissimas

783 3531 1023 3626 latere.
1076 3530 1252 3611 Quin
1302 3530 1541 3613 etiam,
1592 3532 1840 3611 utpote
1878 3532 1959 3626 in
2012 3531 2348 3595 instituto
2400 3547 2840 3612 nequaquam
2888 3546 3070 3594 novo
3110 3544 3343 3610 neque

783 3649 1018 3713 subito
1059 3625 1316 3731 create,
1352 3647 1481 3713 sed
1538 3647 1721 3728 quod
1768 3666 1857 3713 ex
1908 3648 2120 3713 solita
2167 3649 2441 3714 locandi
2488 3649 2763 3714 ratione
2792 3650 2903 3713 est
2927 3646 3342 3729 profectum,

782 3766 1031 3831 nullibi
1077 3766 1320 3831 sedulo
1371 3768 1788 3831 enuntiatur
1828 3767 2118 3848 quinam
2166 3768 2353 3832 inter
2400 3767 2680 3832 colonos
2726 3767 2874 3832 sint
2904 3764 3341 3831 numerandi.

783 3879 1008 3950 Unico
1059 3883 1245 3949 enim
1294 3885 1465 3968 loco,
1538 3901 1674 3967 quo
1744 3884 1889 3949 tale
1961 3901 2296 3962 conamen
2361 3886 2752 3965 cogitatum
2816 3884 3040 3949 videri
3084 3885 3341 3964 potest,

854 4158 895 4223 ¹)
931 4157 1022 4212 ed.
1058 4156 1308 4213 Haenel.
1382 4215 1391 4226 ὁ

853 4246 896 4312 ’)
971 4287 996 4314 ,,
1053 4243 1308 4312 Krfig'er.

855 4331 895 4401 ¹)
970 4374 994 4401 ‚,
1054 4331 1271 4388 Scholl.

850 4419 890 4481 ⁴)
932 4419 1223 4486 Quoniam
1268 4419 1582 4475 colonatus
1620 4433 1741 4475 non
1779 4420 1943 4475 certa
1978 4419 2237 4489 quadam
2273 4419 2406 4487 lege
2442 4420 2504 4475 in
2541 4419 2741 4475 lucem
2779 4420 2875 4474 est
2909 4419 3198 4488 proditae,
3219 4432 3341 4473 non

783 4520 1022 4576 semper
1056 4521 1161 4576 pro
1200 4509 1362 4562 certo
1399 4501 1668 4563 statu'ere
1703 4521 2031 4576 possumus
2069 4508 2278 4562 utrum
2315 4507 2388 4561 de
2426 4506 2653 4563 colonis
2689 4507 2888 4562 liberis
2917 4521 3123 4562 sermo
3139 4505 3248 4561 fiat
3264 4519 3342 4560 an

783 4594 909 4650 solo
944 4595 1268 4651 adstrictis,
1307 4596 1391 4650 Ea
1427 4594 1690 4664 profecto
1726 4595 1843 4664 lex,
1882 4609 2033 4663 quae
2070 4595 2201 4651 sine
2238 4595 2419 4650 dubio
2456 4595 2540 4650 de
2566 4595 2663 4649 his
2698 4595 2840 4664 agit,
2878 4594 3019 4650 data
3053 4594 3149 4650 est
3182 4607 3342 4648 anno

782 4681 903 4736 3322
941 4681 1147 4744 (QTH.
1185 4681 1255 4738 V.
1295 4683 1380 4743 10)
1416 4682 1571 4738 Fieri
1607 4683 2053 4752 tamenpotest
2088 4683 2160 4738 ut
2195 4683 2378 4738 etiam
2417 4681 2730 4738 nonnullis
2763 4682 2941 4737 annis
2969 4682 3111 4736 ante
3149 4680 3342 4735 coloni

783 4769 1107 4824 extiterint
1161 4771 1408 4838 glaebae
1461 4769 1887 4835 adhaerente83
1946 4768 2105 4837 quod
2159 4770 2367 4825 autem
2420 4783 2489 4826 eo
2525 4770 2731 4825 minus
2766 4768 2947 4824 refert
2981 4768 3157 4838 quod,
3195 4768 3340 4837 quin

784 4856 978 4912 multa
1014 4857 1379 4926 praescripta
1415 4867 1604 4926 aeque
1642 4857 1714 4911 de
1751 4858 2009 4925 utroque
2046 4870 2264 4924 genere
2299 4855 2616 4922 valuerint,
2652 4857 2758 4911 vix
2794 4855 3046 4911 dubium
3082 4857 3192 4910 est.
