3770 5738
885 1226 1329 1325 INDEX
1387 1223 2581 1326 ARGUMENTORUM.

452 1720 1106 1793 PRAEFATIO
1217 1771 2598 1791 .............
2653 1742 2715 1805 p.
2808 1723 3010 1789 XIII.

450 1972 728 2065 Caput
774 1972 832 2044 1.
928 1977 1026 2042 De
1075 1977 1442 2043 colonatus
1485 1978 1643 2059 jure
1696 2025 2735 2044 ..........
2785 1995 2849 2058 p.
2953 1977 3008 2039 1.

524 2144 634 2212 Qui
687 2144 881 2200 coloni
939 2145 1086 2201 dicti
1143 2145 1289 2200 sint.
1338 2161 1395 2214 p.
1434 2146 1481 2200 1.
1518 2145 1603 2201 De
1641 2144 1926 2201 fontibus.
1963 2161 2020 2214 p.
2056 2146 2106 2200 2.
2145 2144 2296 2213 Quid
2329 2145 2532 2211 legum
2569 2143 2874 2213 proprium
2912 2143 3011 2198 sit.

449 2245 507 2300 p.
565 2232 615 2286 2.
671 2230 922 2287 Colonos
974 2232 1099 2287 solo
1138 2232 1493 2318 aadhaerere.
1528 2247 1582 2302 p.
1618 2233 1670 2287 3.
1709 2232 2015 2301 Quomodo
2049 2233 2150 2288 lex
2187 2231 2636 2287 adhaerentiam
2677 2232 2879 2287 tutata
2914 2231 3011 2285 sit.

447 2333 505 2387 p.
561 2319 615 2373 6.
657 2319 1136 2375 Adhaerentiam
1189 2321 1375 2375 etiam
1428 2321 1492 2376 in
1545 2321 1763 2376 liberos
1817 2320 2046 2376 cadere.
2100 2334 2155 2388 p.
2212 2320 2296 2375 12.
2331 2319 2495 2374 Num
2530 2333 2648 2387 quo
2684 2318 2801 2374 alio
2835 2318 3012 2374 modo

453 2406 869 2474 praeterquam
908 2421 1013 2475 per
1049 2407 1341 2476 originem
1378 2407 1682 2463 colonatui
1717 2408 2017 2465 obnoxius
2052 2406 2177 2462 fieri
2217 2406 2500 2475 potuerit.
2528 2420 2585 2475 p.
2601 2405 2689 2461 23.
2707 2405 3012 2473 Quomodo

449 2493 589 2562 quis
641 2508 677 2548 a
729 2494 1008 2549 colonatu
1062 2495 1298 2550 liberari
1352 2496 1634 2564 potuerit.
1688 2511 1746 2564 p.
1784 2495 1855 2550 28
1929 2495 2155 2562 Quibus
2202 2494 2382 2549 rebus
2419 2494 2611 2549 coloni
2648 2493 3014 2548 conveniant

450 2594 594 2635 cum
647 2580 857 2649 servis,
912 2582 1134 2650 quibus
1186 2584 1392 2637 autem
1446 2582 1740 2637 differant.
1793 2597 1848 2651 p.
1902 2583 1987 2637 32.
2040 2581 2126 2637 De
2156 2567 2344 2636 'variis
2379 2581 2726 2636 colonorum
2763 2580 3012 2649 appella-

450 2667 720 2723 tionibus
777 2670 839 2723 et
890 2670 1230 2737 generibus.
1281 2683 1338 2737 p.
1391 2668 1476 2725 35.
1531 2669 1616 2724 De
1670 2669 2005 2738 originariis
2058 2669 2186 2724 sive
2241 2668 2652 2737 originalibus,
2703 2684 2758 2738 p.
2795 2668 2881 2723 36.
2929 2667 3014 2722 De

451 2755 786 2823 inquilinis.
840 2756 1048 2824 p.‚39.-
1088 2756 1171 2811 De
1222 2756 1633 2826 adscriptione.
1690 2772 1742 2826 p.
1793 2758 1878 2811 45.
1934 2757 2019 2812 De
2067 2757 2417 2812 tributariis
2455 2771 2510 2825 p.
2544 2756 2631 2811 58.
2668 2755 2752 2811 De
2789 2755 3015 2811 colonis

452 2842 705 2910 privatis
757 2844 819 2899 et
870 2842 1099 2900 colonis
1154 2845 1237 2900 rei
1280 2844 1566 2913 privatae.
1602 2859 1657 2914 p.
1693 2843 1779 2900 63.
1817 2843 1902 2900 De
1941 2843 2185 2900 tributis
2220 2844 2285 2899 et
2318 2843 2613 2899 reditibus
2648 2843 3014 2900 colonorum.

451 2944 508 2998 p.
557 2929 645 2985 66.
701 2930 786 2986 De
840 2930 1059 2986 militia
1103 2932 1470 2988 colonorum.
1507 2947 1563 3001 p.
1598 2932 1683 2987 71.
1723 2932 1805 2987 De
1835 2931 2259 3001 ,iurisdictione
2295 2932 2454 2986 inter
2488 2932 2731 2987 colonos
2766 2931 2831 2987 et
2866 2930 3014 2986 alios

450 3015 691 3073 colonos
726 3017 822 3073 vel
858 3018 1037 3074 cives.
1076 3033 1132 3087 p.
1166 3018 1251 3074 73.
1290 3018 1480 3087 Quam
1517 3019 1639 3074 late
1676 3018 1994 3075 colonatus
2028 3019 2310 3087 patuerit.
2345 3033 2400 3087 p.
2439 3018 2525 3074 79.

452 3190 726 3286 Caput
765 3194 859 3267 11.
911 3199 1098 3265 Num
1138 3201 1225 3265 iis
1264 3200 1587 3283 saeculis,
1615 3217 1792 3280 quae
1817 3200 2174 3266 colonatui
2200 3201 2760 3281 antecesserunt,

543 3318 800 3399 ubique
846 3320 919 3384 in
967 3319 1197 3385 locum
1242 3320 1707 3400 agricolarum
1750 3320 1940 3412 servi
1986 3320 2234 3385 rustici
2282 3319 2630 3384 subierint
2727 3367 2741 3383 .
2792 3336 2855 3398 p.
2902 3318 3010 3382 82.

526 3484 682 3541 Sunt
714 3486 818 3555 qui
854 3487 1075 3555 putent
1109 3486 1317 3555 primis
1353 3488 1608 3543 saeculis
1637 3487 1857 3542 aetatis
1873 3487 2292 3555 imperatoriae
2313 3487 2375 3541 in
2395 3486 2596 3541 locum
2615 3485 3012 3554 agricolarum

458 3571 725 3628 culturae
778 3574 1042 3628 laborem
1097 3588 1409 3629 servorum
1463 3574 1829 3630 rusticorum
1887 3574 2293 3630 substitutum
2347 3587 2498 3628 esse.
2538 3587 2593 3641 p.
2627 3572 2715 3627 82.
2753 3571 2913 3640 Quae
2948 3572 3013 3626 in

460 3659 807 3716 universum
863 3660 1005 3715 huic
1061 3661 1323 3729 opinioni
1377 3661 1638 3717 obstent.
1691 3675 1747 3729 p.
1798 3661 1883 3715 83.
1943 3660 2298 3716 Colonatum
2355 3674 2476 3715 non
2527 3662 2730 3714 ortum
2765 3672 2898 3713 esse
2935 3672 3012 3712 ex

456 3759 761 3803 servorum
816 3748 1315 3804 manumissione.
1365 3762 1421 3817 p.
1458 3749 1547 3804 84.
1583 3749 1745 3804 Num
1783 3751 1927 3804 ante
1964 3749 2309 3804 colonatum
2347 3761 2586 3815 semper
2621 3747 2761 3802 ordo
2798 3746 3012 3815 agrico-

456 3832 647 3890 larum
719 3834 999 3903 viguerit.
1072 3849 1127 3903 p.
1189 3835 1275 3890 87.
1332 3836 1784 3891 Possessionem
1828 3828 2307 3905 spermagnoru‘m
2361 3849 2643 3902 agrorum
2696 3848 3013 3902 nunquam

454 3933 696 3988 parvam
738 3922 1178 3990 possessionem
1215 3923 1391 3992 plane
1428 3922 1826 3978 devoravisse.
1864 3937 1918 3991 p.
1953 3923 2041 3978 88.
2078 3923 2287 3991 Neque
2323 3922 2626 3977 culturam
2663 3921 3011 3977 colonorum

456 4008 634 4064 labori
689 4023 1003 4066 servorum
1060 4010 1331 4066 cessisse.
1384 4025 1439 4079 p.
1493 4011 1580 4066 91.
1636 4009 1864 4078 Quibus
1891 4010 2053 4071 ,locis
2089 4010 2388 4065 contraria
2424 4008 2729 4064 sententia
2765 4008 3015 4063 nitatur.

455 4110 510 4164 p.
542 4096 631 4152 91.
668 4097 858 4164 Quam
896 4097 970 4152 ob
1008 4111 1254 4153 causam
1292 4097 1640 4165 huiusmodi
1676 4097 1789 4153 loci
1825 4111 2039 4166 parum
2060 4097 2301 4152 valeant
2318 4097 2392 4151 ad
2419 4097 2646 4151 certam
2670 4095 3012 4165 opinionem

455 4184 962 4239 constituendam.
1015 4199 1070 4253 p.
1122 4185 1209 4240 93.
1264 4184 1373 4253 Qui
1428 4185 1611 4239 antea
1654 4184 1783 4250 jam
1836 4183 2203 4239 crediderint
2251 4197 2488 4251 semper
2534 4183 2778 4238 colonos
2812 4180 3012 4236 fuisse.

453 4283 508 4339 p.
559 4271 647 4326 94.
701 4270 852 4338 Quid
905 4272 968 4326 in
1022 4271 1134 4327 hac
1192 4286 1255 4327 re
1293 4286 1371 4327 ex
1407 4271 1798 4339 scriptoribus
1834 4270 2187 4339 aequalibus
2221 4270 2439 4326 lucrari
2477 4270 2797 4339 possimus,
2836 4284 2888 4337 p.
2926 4269 3014 4324 96.

455 4371 532 4413 ex
567 4357 863 4427 Cicerone,
900 4373 958 4428 p.
989 4359 1076 4413 96.
1110 4373 1187 4415 ex
1227 4359 1530 4421 Sallustio,
1565 4374 1621 4427 p.
1654 4358 1742 4413 98.
1777 4372 1853 4413 ex
1894 4358 2158 4427 Caesare,
2195 4373 2251 4427 p.
2284 4358 2369 4413 99.
2407 4372 2484 4413 ex
2521 4357 2781 4424 Lucano,
2805 4373 2862 4426 p.
2897 4357 3016 4412 100.

455 4459 533 4499 ex
584 4443 862 4514 Vergilio,
916 4446 1185 4514 Horati0,
1239 4445 1488 4514 Tibulle,
1542 4445 1866 4514 Propertio,
1922 4446 2146 4510 ovidio,
2199 4461 2255 4514 p.
2300 4445 2418 4499 101.
2454 4458 2486 4500 e
2523 4444 2765 4513 Seneca,
2802 4459 2853 4513 p.
2898 4445 3013 4499 103.

458 4545 534 4586 ex
572 4532 867 4600 Petronio,
902 4546 957 4601 p.
996 4534 1114 4588 104.
1150 4547 1182 4587 6
1230 4532 1573 4602 Columella,
1609 4547 1663 4601 p.
1703 4533 1820 4587 105.
1858 4546 1891 4588 e
1927 4532 2198 4600 Martiali,
2234 4548 2291 4601 p.
2328 4532 2446 4587 107.
2482 4545 2514 4586 e
2552 4530 2765 4600 Statio,
2801 4546 2858 4599 p.
2896 4531 3012 4586 107.

459 4631 491 4672 e
528 4617 734 4687 Plinio,
768 4634 823 4689 p.
863 4619 980 4675 108.
1017 4634 1049 4675 e
1086 4619 1305 4688 Tacite,
1343 4635 1396 4688 p.
1438 4620 1555 4675 110.
1591 4634 1668 4675 ex
1706 4619 1980 4688 Apulejo.
2016 4634 2071 4689 p.
2111 4620 2227 4674 110.
2251 4618 2399 4686 Quid
2420 4632 2499 4674 ex
2521 4618 2800 4687 Digestis.
2819 4632 2875 4686 p.
2897 4618 3014 4673 110.

461 4704 608 4771 Quid
659 4720 737 4761 ex
790 4703 1305 4775 inscriptionibus.
1359 4722 1413 4775 p.
1468 4707 1587 4762 111.
1642 4707 1801 4774 Quas
1854 4707 1929 4760 ob
1983 4720 2199 4762 causas
2251 4720 2563 4774 nunquam
2618 4705 3012 4774 agricolarum

463 4790 694 4847 cultura
747 4807 1057 4848 servorum
1113 4794 1296 4849 labori
1351 4794 1558 4849 cedere
1613 4793 1897 4862 potuerit.
1951 4808 2006 4862 p.
2065 4794 2181 4848 112.
2238 4792 2489 4848 Cultura
2541 4806 2851 4848 servorum
2890 4806 3012 4846 non

463 4876 726 4935 altiorem
798 4880 1052 4950 gradum
1123 4881 1537 4950 repraesentat
1604 4882 1667 4936 in
1730 4880 2025 4936 bonorum
2077 4880 2485 4949 procreatione
2538 4893 2720 4950 quam
2774 4878 3014 4934 cultura
