3770 5738
1988 508 2114 573 134

763 721 942 784 quae
989 704 1277 770 officinis
1324 723 1602 776 annexa
1649 708 1838 788 sunt,
1890 708 2129 771 omnia
2146 707 2214 771 id
2246 709 2593 788 spectant,
2623 709 2703 772 ut
2727 709 3141 790 operarium,
3171 710 3309 792 qui,

763 823 820 887 si
849 822 1192 887 officinam
1247 823 1606 907 relinquit,
1657 841 1931 889 omnem
1983 842 2256 907 quoque
2299 826 2668 907 pecuniam
2711 826 2941 908 perdit
2982 844 3195 907 quam
3244 828 3314 892 in

762 941 1077 1005 diversas
1122 957 1322 1006 arcas
1369 959 1773 1008 communes
1819 944 1915 1020 (in
1963 961 2163 1008 arcas
2207 945 2746 1026 aegrotantium,
2773 946 3119 1026 orborum,
3145 964 3315 1010 mor·

762 1059 907 1123 tuis
957 1059 1387 1140 sepeliundis
1430 1060 1608 1125 alias
1661 1061 2030 1142 eJusmodi)
2057 1063 2378 1144 contulit,
2406 1063 2716 1127 officinae
2741 1063 3052 1143 alligent.
3082 1063 3317 1145 Neque

762 1176 948 1242 hunc
1018 1194 1170 1242 esse
1242 1182 1579 1244 eventum
1627 1179 2004 1244 fortuitum
2053 1181 2299 1244 horum
2351 1181 2864 1263 institutorum,
2916 1173 3036 1246 sed
3083 1199 3316 1263 propo-

761 1297 1002 1378 situm,
1051 1297 1232 1378 quod
1282 1298 1709 1363 officinarum
1740 1299 2001 1363 domini
2030 1300 2268 1365 dedita
2295 1318 2501 1382 opera
2526 1305 2912 1383 sectantur,
2940 1301 3318 1366 Banna-Ano

764 1414 1202 1480 demonstrat
1268 1416 1557 1481 laudata
1627 1417 2008 1482 utilissima
2083 1419 2673 1484 commentatione
2745 1436 2833 1484 ex
2882 1419 3317 1501 ephemeride

768 1533 1156 1619 „Deutsche
1232 1535 2056 1616 Arbeitgeherzeitung”:
2152 1537 2316 1620 „Die
2385 1536 2513 1601 auf
2573 1538 2697 1601 das
2748 1537 2957 1602 Wohl
3010 1537 3130 1601 der
3192 1537 3315 1601 Ar-

763 1650 1219 1716 beiterschaft
1266 1653 1698 1732 gerichteten
1750 1654 2278 1735 Bestrebungen
2318 1656 2627 1720 hesitzen
2654 1656 3090 1735 keineswegs
3115 1656 3315 1720 einen

763 1771 911 1835 rein
961 1770 1431 1836 charitativen
1482 1771 1881 1837 Charakter.
1935 1772 2047 1837 Sie
2092 1775 2543 1854 entspringen
2596 1774 2933 1838 vielmehr
2979 1774 3046 1837 in
3095 1776 3318 1838 erster

762 1889 959 1954 Linie
1007 1890 1489 1970 Erwagungen
1539 1891 2161 1973 sozialpolitischer
2212 1893 2364 1956 Art.
2417 1892 2848 1956 Auszerdem
2894 1892 3318 1957 unterschei·

761 2006 894 2072 den
982 2008 1081 2073 sie
1167 2008 1315 2073 sich
1408 2026 1544 2073 von
1633 2009 1763 2074 den
1834 2008 2145 2074 Werken
2220 2010 2341 2075 der
2433 2010 2649 2075 freien
2721 2009 3319 2090 Wohlthatigkeit

763 2124 1091 2208 dadurch,
1162 2126 1328 2191 dasz
1398 2127 1746 2192 zwischen
1822 2126 2095 2192 Gebern
2173 2129 2311 2193 und
2384 2128 2871 2209 Empfangern,
2945 2128 3007 2192 d.
3036 2128 3102 2192 h.
3168 2127 3314 2193 also

760 2244 1115 2309 zwischen
1160 2244 1294 2308 den
1344 2244 1906 2310 Unternehmern
1964 2246 2103 2309 und
2154 2246 2285 2310 den
2336 2247 2708 2311 Arbeitern
2758 2247 2871 2311 ein
2923 2245 3314 2311 Geschafts·

761 2362 1173 2443 verhaltniS,
1251 2363 1552 2427 namlich
1625 2363 1745 2427 der
1788 2364 2293 2445 Lohnvertrag,
2345 2364 2645 2444 besteht,
2696 2380 2976 2428 woraus
3026 2363 3134 2428 fur
3182 2364 3311 2428 den

764 2480 988 2547 Geher
1038 2481 1145 2545 die
1172 2481 1617 2562 Moglichkeit
1666 2484 2035 2562 erwachst,
2086 2483 2194 2547 die
2243 2484 2509 2547 Kosten
2567 2483 2677 2546 fiir
2719 2483 2826 2547 die
2853 2482 3313 2547 Wohlfahrts·

760 2599 1292 2679 einrichtungen
1357 2599 1485 2664 auf
1523 2600 1654 2664 den
1706 2600 2122 2681 Empfanger
2177 2601 2399 2665 selbst
2446 2600 2918 2681 abzuwalzen,
2960 2600 3192 2665 indem
3239 2616 3314 2665 er

759 2717 861 2782 sie
926 2716 1070 2782 ihm
1116 2735 1280 2783 vom
1327 2717 1779 2783 Arbeitslohn
1836 2718 2182 2783 abzieht’'.
2257 2718 2517 2783 Idcirco
2580 2719 2832 2783 suadet
2881 2718 3179 2800 scriptor
3230 2720 3313 2782 ut

759 2836 831 2902 in
878 2836 1260 2919 reqiom'bus
1305 2838 1682 2904 incolarum
1705 2838 2088 2920 frequentia
2113 2838 2515 2919 carentibus,
2545 2837 2664 2902 ubi
2689 2837 2890 2903 deest
2915 2838 3112 2918 copia
3135 2836 3320 2902 habi·

758 2955 956 3019 tandi
1005 2957 1078 3019 et
1126 2955 1340 3021 vilem
1398 2958 1668 3021 victum
1707 2957 2131 3036 acquirendi,
2183 2956 2453 3020 insulae
2502 2956 2960 3021 aedificentur
3010 2956 3079 3020 in
3112 2972 3319 3020 usum

758 3075 1232 3155 operariorum
1312 3075 1677 3156 caelibum,
1746 3077 2064 3158 popinae,
2137 3076 2491 3156 tabernae,
2543 3073 2959 3155 nosocomia,
3009 3073 3316 3138 balneae.

758 3192 980 3257 Breve
1029 3194 1356 3275 spatium,
1430 3194 1618 3257 intra
1686 3194 1865 3274 quod
1934 3194 2265 3258 domuum
2318 3193 2569 3257 locatio
2624 3192 3009 3258 renuntiari
3061 3194 3316 3275 potest,

758 3310 1062 3375 multum
1119 3310 1312 3375 valet
1359 3311 1445 3375 ad
1499 3311 2005 3392 prohibendum
2050 3328 2135 3375 ne
2180 3311 2702 3376 intermittatur
2749 3326 2942 3391 opus

848 3428 1117 3492 Harum
1165 3428 1652 3493 condicionum
1703 3429 2153 3511 comparatiO,
2207 3433 2288 3494 ut
2338 3430 2670 3493 observat
2720 3428 3121 3510 BRENTANO,
3154 3444 3314 3492 cum

756 3546 1212 3610 adhaerentia
1282 3547 1543 3611 abolita
1590 3548 1992 3612 colonorum
2042 3548 2114 3610 in
2163 3551 2490 3628 promptu
2542 3549 2673 3611 est.
2747 3544 2877 3630 „So
2929 3545 3085 3610 sind
3135 3562 3311 3610 neue

756 3662 1258 3729 Herrschaften
1310 3666 1404 3729 im
1457 3666 1847 3730 Entstehen
1894 3665 2251 3746 hegriffen,
2301 3666 2371 3729 in
2424 3665 2645 3730 denen
2699 3666 2809 3729 die
2861 3663 3307 3745 Grundlagen

756 3783 877 3847 der
940 3783 1568 3848 wirtschaftlichen
1641 3784 1950 3849 Freiheit
2016 3784 2350 3864 beseitigt
2413 3783 2755 3848 sind....
2822 3783 3079 3847 Immer
3125 3799 3306 3847 neue

753 3901 1324 3966 Riesenbetriebe
1395 3902 1676 3967 werden
1751 3903 2152 3981 entstehen,
2199 3903 2270 3966 in
2334 3902 2560 3966 denen
2612 3902 2811 3966 nicht
2860 3901 2984 3965 das
3032 3901 3309 3966 Reichs-

753 4019 917 4084 oder
1008 4019 1543 4102 LandesgesetZ,
1606 4021 1905 4085 sondern
1992 4021 2111 4085 der
2184 4020 2397 4085 Wille
2469 4020 2590 4084 des
2661 4019 3310 4084 Betriebsinhabers

753 4136 1007 4202 Gesetz
1059 4137 1223 4202 ist.’'

843 4256 1076 4320 Etiam
1125 4273 1213 4320 ex
1260 4257 1390 4321 hac
1440 4256 1772 4322 hodierna
1819 4257 2316 4321 adhaerentiae
2363 4257 2638 4320 ratione
2682 4256 3076 4320 luculenter
3105 4272 3308 4336 appa·

752 4376 882 4453 ret,
957 4391 1197 4438 omnes
1267 4375 1383 4455 qui
1456 4391 1707 4454 magna
1781 4377 2062 4455 negotia
2133 4378 2401 4456 gerant,
2448 4375 2599 4439 sive
2664 4391 3102 4455 possessores
3163 4374 3310 4438 sint

750 4508 1076 4571 agrorum
1139 4493 1290 4557 sive
1347 4492 1773 4581 officinarum
1824 4494 2109 4573 domini,
2160 4510 2540 4575 propensos
2597 4509 2750 4556 esse
2797 4492 2882 4556 ad
2934 4492 3305 4556 servitium

751 4610 1094 4690 quoddam
1159 4612 1736 4675 substituendum
1802 4612 2020 4677 labori
2087 4613 2324 4691 liber0,
2376 4612 2436 4675 si
2486 4613 2686 4691 extet
2736 4611 2969 4691 inopia
3016 4611 3305 4691 operari·

749 4744 947 4792 orum
999 4728 1110 4792 vel
1158 4730 1390 4793 brevis
1438 4730 1551 4794 vel
1603 4731 1957 4794 diuturna.

839 4845 1026 4910 Talis
1091 4847 1319 4927 inopia
1393 4852 1633 4912 autem
1708 4851 2002 4913 extabat
2069 4850 2140 4914 in
2209 4848 2495 4929 imperio
2555 4864 2880 4928 roman03
2942 4863 3163 4926 usque
3210 4846 3298 4910 ab
