3770 5738
2034 483 2162 551 128

789 681 1055 768 finitur,
1126 699 1286 750 cum
1355 702 1520 765 ager
1590 701 1712 766 per
1750 684 2262 766 praestitutum
2310 684 2654 765 quoddam
2702 685 2984 766 tempus
3032 679 3347 750 incultus

788 804 1077 869 relictus
1138 806 1270 868 est.
1318 803 1418 868 De
1469 802 1913 885 emphyteusi
1956 805 2238 883 tempus
2286 801 2478 867 valet
2500 802 2570 866 in
2598 802 2783 883 agris
2807 803 3105 883 privatis
3128 804 3343 867 trium

788 939 1132 987 annorum
1158 917 1229 1004 1),
1278 921 1349 985 in
1398 921 1956 1003 possessionibus
2009 920 2341 985 ecclesiae
2392 920 2687 985 duorum
2732 938 3073 986 annorum
3103 917 3187 1003 2);
3220 939 3344 1003 pro

789 1041 1244 1122 occupatione
1302 1040 1419 1104 lex
1482 1039 1845 1104 Manciana
1906 1041 2188 1120 tempus
2251 1040 2511 1104 statuit
2560 1040 2857 1104 duorum
2903 1057 3244 1105 annorum
3272 1035 3343 1116 3).

882 1157 1013 1222 Sed
1081 1159 1295 1240 juxta
1360 1158 1540 1222 hanc
1602 1156 2135 1222 similitudinem
2186 1157 2429 1237 gravia
2477 1160 2731 1222 extant
2779 1157 3214 1239 discrimina;
3270 1158 3340 1222 in

790 1276 1246 1357 inscriptione
1311 1276 1675 1340 Thisbensi
1742 1268 1784 1340 ὁ
1836 1267 2308 1358 καταλαβὼν
2358 1276 2495 1360 (i.e.
2543 1276 3028 1358 emphyteuta)
3074 1279 3346 1341 certum

793 1396 1141 1475 quendam
1217 1395 1502 1460 modum
1571 1396 1823 1460 messis
1900 1395 1971 1459 in
2043 1398 2460 1476 perpetuum
2538 1396 3008 1461 constitutum
3078 1396 3343 1477 pendit,

791 1516 1166 1596 occupator
1258 1516 1498 1578 autem
1590 1514 1785 1578 rudis
1852 1514 2025 1596 agri,
2096 1516 2179 1578 ut
2251 1513 2581 1596 vidimuS,
2655 1487 2892 1595 partes
2961 1514 3343 1579 fructuum.

792 1633 964 1697 Dein
1022 1633 1091 1697 in
1143 1633 1366 1714 prima
1418 1632 1537 1698 illa
1582 1634 1664 1714 Is,
1715 1633 1831 1712 qui
1880 1633 2377 1714 emphyteusin
2428 1633 2586 1697 vult
2632 1634 2906 1714 habere,
2957 1649 3110 1697 eam
3137 1633 3347 1698 debet

790 1754 1027 1832 petere
1098 1768 1218 1832 per
1287 1751 1600 1816 libellum
1668 1744 2080 1835 (βιβλίον),
2152 1769 2312 1816 cum
2382 1751 2452 1815 in
2519 1752 2669 1831 lege
2746 1750 3104 1816 Hadriana
3150 1767 3345 1816 occu-

789 1875 991 1953 pator
1067 1871 1215 1951 ipso
1285 1870 1472 1935 facto
1547 1871 2025 1953 occupationis
2086 1871 2207 1953 jus
2276 1887 2485 1935 suum
2557 1873 3024 1951 consequatur
3053 1865 3126 1952 ⁴).
3193 1869 3344 1934 Hoc

790 1989 1088 2084 miratur
1140 1988 1541 2054 Senonum:
1595 1989 1816 2074 „Dasz
1845 2006 2006 2054 man
2039 1989 2238 2054 nicht
2274 1990 2479 2054 einen
2512 1987 3019 2069 Pachtvertrag
3050 1988 3343 2071 schlosz,

790 2107 1094 2173 sondern
1169 2108 1300 2172 den
1376 2107 1827 2189 Occupanten
1874 2125 2035 2173 zum
2083 2107 2466 2173 factischen
2519 2107 2996 2189 Emphyteuta
3043 2108 3341 2189 machte,

787 2227 980 2304 (oder
1029 2244 1190 2291 zum
1239 2227 1549 2310 colonus,
1599 2227 1687 2292 da
1735 2228 1855 2292 der
1904 2227 2264 2308 Occupant
2314 2227 2422 2291 die
2469 2225 2807 2292 Vorstufe
2852 2244 3015 2291 zum
3041 2225 3339 2291 Colonen

790 2346 885 2410 ist
934 2346 1074 2410 und
1124 2347 1339 2411 schon
1388 2347 1567 2411 nach
1620 2346 1740 2411 der
1789 2346 1904 2410 lex
1953 2345 2312 2410 Hadriana
2361 2345 2519 2409 dem
2550 2344 2945 2410 Conductor
2970 2344 3080 2409 die
3105 2346 3343 2426 partes

791 2464 1027 2529 aridae
1088 2463 1202 2528 fur
1248 2465 1359 2529 die
1408 2466 1645 2529 ersten
1695 2465 1858 2529 funs
1896 2464 2107 2529 Jahre
2154 2464 2261 2528 als
2309 2464 2596 2544 Abgabe
2644 2463 2897 2529 leisten
2948 2463 3195 2545 muSZ‚)
3245 2463 3342 2527 ist

782 2582 1149 2663 juristisch
1198 2583 1358 2646 sehr
1399 2581 1945 2662 eigenthumlich
1972 2578 2047 2665 ⁵).

881 2700 1277 2780 Utrumque
1369 2700 1742 2765 discrimen
1828 2700 2277 2782 perspicuum
2356 2699 2459 2782 fit,
2548 2703 2632 2764 ut
2702 2700 2966 2781 opinor,
3039 2700 3099 2763 si
3172 2700 3340 2763 haec

789 2819 1340 2885 considerantur.
1392 2819 1892 2902 Emphyteusis
1941 2819 2215 2901 proprie
2265 2818 2475 2902 dicta,
2517 2818 2719 2901 quus
2744 2819 3047 2900 primum
3071 2818 3336 2884 mentio

790 2938 871 3002 fit
920 2939 989 3002 in
1046 2938 1196 3018 lege
1242 2938 1542 3019 quadam
1588 2939 1755 3002 anni
1804 2938 1937 3003 315
1965 2933 2037 3020 ⁶),
2091 2937 2408 3003 adhibita
2456 2940 2740 3002 tantum
2791 2938 2999 3002 estin
3040 2937 3341 3002 saltibus

790 3056 1277 3138 imperatoriiS‚
1326 3058 1563 3121 aetate
1612 3055 2014 3121 Christiana
2054 3056 2269 3121 etiam
2297 3056 2367 3120 in
2396 3056 2955 3137 possessionibus
2979 3057 3340 3138 ecclesiae3

789 3175 1275 3256 emphyteusis
1344 3175 1415 3239 in
1491 3174 1793 3256 praediis
1862 3175 2300 3255 privatorum
2349 3175 2653 3239 occurrit
2700 3177 3012 3256 tempore
3060 3177 3341 3243 demum

785 3292 966 3373 juris
1060 3292 1445 3357 Justiniani
1476 3288 1549 3373 ⁷).
1648 3292 1904 3357 Omnes
1995 3293 2068 3356 hi
2137 3292 2365 3357 saltus
2435 3293 2716 3357 nonnisi
2801 3293 3342 3360 conductoribus

790 3412 1085 3493 magnis,
1172 3411 1663 3494 locupletibUS,
1736 3414 1941 3476 erant
2013 3411 2222 3475 locati
2294 3411 2557 3492 pariter
2618 3429 2699 3476 ac
2747 3415 2958 3477 antea
3008 3413 3223 3479 fiebat
3267 3415 3337 3479 in

791 3529 1136 3594 locatione
1189 3529 1335 3609 agri
1385 3525 1757 3610 publici‚⁸);
1813 3527 2375 3594 luculentissime
2424 3529 2494 3594 id
2543 3546 2630 3593 ex
2688 3545 2768 3594 eo
2819 3534 3111 3612 apparet
3159 3532 3337 3612 quod

792 3784 916 3839 Lex
952 3784 1143 3839 Manc.
1178 3798 1234 3853 p.
1268 3782 1354 3838 39.
1389 3798 1436 3838 s,
1473 3798 1527 3852 q.
1566 3814 1630 3823 —
1666 3784 2057 3854 BnAunoum,
2096 3785 2316 3855 Revue,
2353 3786 2469 3840 etc.
2506 3784 2707 3841 XXII.
2746 3801 2801 3855 p.
2834 3787 2953 3842 550.
2991 3803 3037 3843 s.
3075 3803 3129 3856 q.
3168 3804 3222 3857 q.

865 3872 905 3937 1)
941 3872 1003 3925 L.
1037 3872 1089 3926 2.
1124 3871 1158 3938 ξ
1196 3871 1244 3925 1.
1283 3870 1343 3926 C.
1379 3869 1429 3925 J.
1468 3869 1568 3925 IV.
1605 3871 1694 3926 66.

860 3960 903 4024 ¹)
940 3958 1092 4013 Nov.
1129 3958 1286 4013 Just.
1324 3956 1457 4013 VII.
1493 3957 1543 4013 3.
1580 3958 1612 4012 2
1625 3974 1642 4027 ;
1681 3958 1865 4015 CXX.
1908 3974 2031 4028 cap.
2066 3960 2118 4015 8.

863 4045 902 4108 ³)
939 4045 1041 4101 IV.
1079 4046 1301 4101 15-22.

858 4136 903 4200 ⁴)
943 4134 1289 4200 Senonum,
1347 4133 1471 4188 Lex
1508 4132 1699 4189 Manc.
1735 4149 1790 4203 p.
1827 4134 1911 4189 39.
1950 4149 2055 4203 sq.
2092 4165 2158 4174 —
2196 4136 2267 4190 cf.
2304 4136 2694 4205 BssAunomN,
2732 4137 2951 4205 Reme,
2989 4137 3101 4192 etc.
3140 4136 3342 4192 XXII.

790 4237 843 4291 p.
856 4222 977 4277 556.
1005 4221 1121 4291 „Ici
1136 4236 1366 4290 encore,
1389 4235 1619 4276 comme
1645 4220 1680 4275 a
1707 4220 1975 4277 Henchir
1998 4222 2269 4290 Mettich‚
2299 4238 2497 4279 aucun
2521 4226 2757 4279 contrat
2778 4227 3163 4294 proprement
3184 4226 3323 4281 dit.”

865 4308 905 4377 ⁸)
945 4308 1291 4374 Senonum,
1330 4308 1601 4363 Hermes.
1641 4307 1876 4364 XXIX.
1913 4324 1968 4378 p.
2004 4310 2126 4365 227.

863 4397 903 4464 ⁶)
941 4395 1004 4451 L.
1042 4397 1090 4450 1.
1127 4395 1187 4450 C.
1223 4395 1273 4450 J.
1313 4395 1421 4451 XI.
1453 4395 1540 4450 62.

863 4483 904 4549 ⁷)
942 4483 1301 4551 Dssmmmto,
1339 4483 1713 4539 Pandekten.
1748 4482 1794 4537 Ι.
1833 4484 2088 4540 Zweitez
2125 4486 2313 4541 Buch.
2350 4500 2404 4554 p.
2440 4486 2561 4541 241.
2608 4517 2659 4525 —
2703 4486 2872 4542 Idem
2909 4488 3071 4543 valet
3108 4488 3180 4542 de
3209 4488 3346 4555 jure

792 4571 1105 4639 perpetum
1143 4569 1544 4625 adhibebatur
1578 4571 1641 4625 in
1676 4570 1883 4626 fundis
1920 4572 2003 4626 rei
2041 4573 2329 4641 privatae,
2366 4572 2570 4628 fundis
2589 4574 3123 4643 patrimonialibus,
3142 4575 3347 4630 fundis

794 4657 1153 4726 reipublicae
1222 4659 1285 4711 et
1358 4657 1736 4728 templorum,
1809 4659 2191 4727 Privatgiiter
2243 4661 2486 4715 werden
2544 4662 2642 4715 nie
2696 4677 2768 4716 zu
2823 4662 2935 4717 Jus
2986 4663 3343 4731 perpetuum

795 4743 1121 4799 verliehen.
1157 4743 1292 4799 Hrs.
1328 4758 1384 4813 p.
1417 4745 1502 4800 91.

864 4831 905 4900 ⁸)
942 4831 1333 4886 Bnaunoum.
1371 4830 1575 4887 Revue
1613 4832 1812 4887 XXII.
1850 4848 1906 4902 p.
1942 4818 2079 4888 3162
2102 4834 2214 4888 Les
2249 4837 2442 4890 terres
2477 4836 2550 4891 de
2586 4836 2765 4905 l’ager
2799 4838 3074 4907 publicus
3112 4840 3345 4895 etaient
