3770 5738
2015 469 2100 533 76

770 669 891 735 Sin
977 672 1218 735 autem
1284 685 1495 745 causa
1567 666 1845 748 publica
1915 666 2169 746 agitur,
2243 665 2530 730 colonus
2598 665 2696 729 rei
2769 664 3087 744 privatae
3156 665 3318 726 ante

770 790 1111 853 rectorem
1160 787 1560 869 provinciae
1609 786 1773 850 ferri
1821 786 2049 867 debet,
2100 784 2217 849 ubi
2269 801 2481 849 causa
2523 783 2780 849 dicitur
2827 783 3011 846 inter
3052 798 3211 845 eum
3251 784 3321 845 et

672 968 683 983 ,
767 909 1252 972 accusatorem
1327 923 1561 971 coram
1631 904 1959 970 rationali
2033 903 2145 969 vel
2221 904 2672 985 procuratore
2700 896 2770 978 ¹).
2868 900 3320 980 Magistratus

769 1025 1211 1107 praediorum
1304 1027 1543 1088 autem
1638 1027 1783 1088 tam
1873 1021 2480 1102 imperatoriorum
2590 1035 2799 1099 quam
2885 1018 3318 1100 privatorum

769 1145 985 1208 etiam
1026 1143 1594 1223 jurisdictionem
1643 1140 2080 1207 criminalem
2130 1140 2262 1204 sibi
2312 1139 2785 1203 vindicavisse
2812 1155 2899 1202 ex
2926 1153 3007 1201 eo
3031 1139 3322 1218 apparet

771 1263 949 1343 quod
1037 1261 1535 1326 Valentiniano
1622 1260 2093 1325 necessarium
2181 1259 2553 1323 videbatur
2623 1274 2935 1322 carceres
3008 1257 3322 1337 privatos

770 1380 1186 1445 interdicere
1213 1377 1298 1461 2);
1389 1379 1572 1460 quod
1644 1378 2103 1443 interdictum
2165 1394 2207 1441 a
2264 1376 2541 1441 Zenone
2568 1369 2620 1457 3)
2699 1377 2772 1440 et
2844 1374 3245 1439 Justiniano
3275 1344 3338 1451 4)

769 1499 1010 1565 iterari
1059 1499 1321 1563 debuit.

860 1617 1407 1684 Valentinianus
1478 1619 1551 1681 et
1623 1615 1889 1680 Valens
1959 1617 2372 1679 statuerunt
2441 1615 2523 1677 ut
2591 1613 2662 1676 in
2727 1611 2961 1676 causis
3027 1611 3324 1692 publicis

769 1736 1138 1802 rationalis
1196 1735 1474 1800 colonos
1543 1736 1913 1799 accusatos
1961 1732 2392 1798 exhibendos
2441 1733 2722 1796 curaret
2749 1725 2821 1811 5),
2870 1748 3005 1811 quo
3052 1729 3321 1794 factum

771 1857 882 1919 est
952 1856 1033 1918 ut
1102 1855 1291 1933 ipsos
1351 1853 1614 1933 judicio
1686 1852 2026 1916 interesse
2076 1852 2548 1916 necessarium
2598 1868 2735 1914 non
2787 1851 2994 1914 esset.
3091 1849 3320 1913 Etiam

772 1973 1046 2053 longius
1096 1971 1440 2053 progressi
1489 1973 1659 2035 sunt
1702 1970 2050 2034 Arcadius
2091 1973 2165 2034 et
2191 1969 2544 2034 Honorius
2570 1986 2785 2050 quum
2811 1968 3326 2033 constituerent

772 2093 854 2155 ut
902 2091 975 2154 in
1023 2090 1256 2155 causis
1304 2088 1784 2154 criminalibus
1808 2089 2122 2152 actorem
2146 2087 2572 2152 dominicum
2597 2087 2664 2163 (i.
2694 2104 2750 2151 e.
2780 2086 3326 2167 procuratorem)

771 2226 910 2274 non
960 2210 1438 2290 expectarent,
1488 2206 1610 2272 sed
1651 2206 1786 2289 ipsi
1838 2206 2030 2272 nullo
2080 2205 2597 2271 interveniente
2647 2206 3076 2286 potestatem
3124 2204 3338 2271 habe·-

771 2330 933 2421 rent
1014 2327 1261 2391 noxios
1328 2326 1727 2407 exhibendi,
1798 2342 1887 2389 ne
1952 2306 2192 2389 actore
2267 2320 2703 2404 repugnante
2778 2322 3020 2386 dilatio
3079 2321 3327 2401 jndicii

771 2445 974 2510 fieret
1021 2441 1093 2527 ὃ).
1188 2444 1549 2509 Probabile
1620 2448 1731 2508 est
1806 2444 2268 2523 magistratus
2339 2441 2651 2506 saltuum
2722 2440 3044 2505 omnibus
3099 2440 3326 2505 modis

772 2565 1126 2645 potestate
1198 2579 1328 2627 sua
1398 2564 1656 2628 abusos
1703 2578 1877 2627 esse.
1976 2559 2049 2625 Si
2097 2561 2364 2625 incolae
2413 2560 2501 2624 ab
2550 2561 2786 2624 actore
2834 2554 2962 2622 aut
3006 2575 3325 2639 procura·

769 2684 921 2757 tore
994 2682 1460 2763 vexabantur,
1538 2658 1894 2760 querelam
1966 2680 2232 2744 deferre
2304 2680 2634 2760 poterant
2680 2677 2769 2741 ad
2817 2677 3158 2741 vicarium
3210 2676 3323 2740 vel
3373 2662 3380 2669 ’

768 2893 993 2950 colonis
1064 2896 1128 2949 et
1184 2892 1703 2962 patrimonialibus
1764 2893 2126 2961 gravitatem
2187 2893 2356 2945 tuam
2418 2891 2770 2944 censuimus
2842 2889 3325 2957 disceptatricem

767 2995 900 3037 esse
936 2981 1168 3036 debere.
1239 2980 1432 3036 Duces
1468 2980 1631 3034 enim
1674 2981 1740 3034 et
1777 2979 2147 3047 praepositos
2182 2977 2447 3033 limitum
2487 2979 2549 3031 et
2587 2977 2923 3031 castrorum
2961 2977 3023 3030 et
3057 2979 3324 3031 rectores

766 3069 1211 3137 provinciarum
1249 3067 1568 3123 evocandis
1605 3068 1667 3120 et
1698 3065 2074 3121 arcessendis
2111 3065 2337 3120 colonis
2376 3065 2675 3119 abstinere
2713 3065 2961 3132 oportet.

841 3157 879 3222 ¹)
918 3157 981 3211 L.
1018 3157 1070 3210 8.
1108 3154 1167 3210 G.
1204 3155 1255 3210 J.
1292 3154 1402 3209 ΙΙΙ.
1436 3156 1521 3210 26.
1559 3153 1709 3208 Cum
1745 3152 1967 3221 aliquid
2006 3153 2255 3207 colonus
2290 3153 2399 3206 aut
2434 3166 2646 3206 servus
2683 3151 2766 3205 rei
2795 3151 3062 3219 privatae
3082 3153 3325 3205 nostrae

768 3244 981 3298 contra
1034 3242 1411 3311 disciplinatu
1467 3242 1764 3310 publicam
1822 3241 2135 3295 adseratur
2190 3241 2547 3307 perpetrare,
2604 3239 2676 3293 ad
2727 3238 3026 3306 judicium
3075 3239 3326 3293 rectoris

767 3329 1104 3399 provinciae
1154 3330 1358 3385 venire
1412 3330 1715 3397 cogendus
1770 3331 1878 3397 est,
1935 3328 2021 3382 sic
2077 3327 2369 3394 videlicet,
2427 3329 2496 3380 ut
2548 3328 2863 3394 praesente
2906 3325 3181 3380 rationali
3231 3325 3326 3380 vel

767 3418 1147 3486 procuratore
1179 3418 1394 3471 domus
1430 3419 1670 3471 nostrae
1706 3416 1865 3471 inter
1902 3430 2039 3469 eum
2079 3417 2140 3469 et
2175 3417 2585 3468 accusatorem
2624 3428 2805 3468 causa
2842 3415 3135 3467 tractetur
3170 3415 3253 3480 et,
3275 3414 3326 3466 si

768 3503 1001 3560 facinus
1036 3503 1217 3559 fuerit
1250 3503 1668 3572 adprobatum,
1700 3503 1857 3571 jnris
1893 3502 2183 3557 severitas
2220 3504 2549 3556 exseratur.

839 3593 884 3660 ²)
942 3592 1005 3647 L.
1060 3593 1106 3646 1.
1161 3591 1221 3646 C.
1274 3591 1380 3646 Th.
1428 3591 1535 3645 IX.
1587 3592 1669 3646 11.
1709 3590 1769 3645 Si
1805 3590 1943 3658 quis
1973 3589 2221 3657 posthac
2259 3602 2429 3643 reum
2465 3589 2696 3656 privato
2733 3588 2952 3642 carceri
2991 3587 3327 3652 destinarit,

769 3694 909 3734 reus
942 3679 1280 3747 maiestatis
1315 3678 1628 3733 habeatur.

839 3765 880 3834 ⁸)
935 3766 998 3822 L.
1055 3767 1103 3820 1.
1160 3764 1221 3820 C.
1272 3764 1325 3820 J.
1374 3765 1480 3820 IX.
1527 3766 1577 3819 5.
1617 3764 1912 3820 Jubemus
1949 3763 2176 3818 nemini
2213 3762 2459 3831 penitus
2495 3761 2671 3817 licere
2706 3775 2811 3829 per
2845 3759 3326 3816 Alexandrinam

767 3853 1317 3923 splendidissimam
1358 3853 1669 3907 civitatem
1698 3852 1792 3906 vel
1813 3851 2242 3919 Aegyptiacam
2263 3850 2561 3905 dioecesin
2582 3850 2690 3903 aut
2708 3847 3077 3916 quibuslibet
3093 3848 3331 3916 imperii

769 3942 962 3997 nostri
1015 3939 1337 4009 provinciis
1395 3940 1487 3994 vel
1543 3940 1607 3994 in
1663 3939 1823 4007 agris
1876 3938 2004 3992 suis
2057 3939 2164 3992 aut
2217 3937 2584 4004 ubicumque
2622 3935 2779 3990 domi
2817 3935 3037 4004 privati
3074 3935 3331 3990 carceris

769 4042 1046 4084 exercere
1082 4027 1438 4082 custodiam.

837 4128 879 4191 4)
917 4127 982 4182 L.
1032 4127 1084 4181 2.
1136 4125 1272 4181 ibid.
1324 4115 1603 4183 Ἰδιωτικὰς
1657 4118 1883 4193 φυλακὰς
1938 4123 2096 4174 πᾶσιν
2150 4117 2361 4190 τρόποις
2416 4119 2468 4173 ἐν
2521 4116 2697 4171 πόλεσι
2732 4115 2762 4176 ἦ
2800 4118 2851 4172 ἑν
2889 4117 3083 4189 κὼμκις
3118 4115 3328 4188 ἀπαγο-

713 4295 718 4300 ⁴
766 4222 979 4297 μύομεν
1017 4221 1372 4276 καθίστασθαι.
1432 4221 1726 4290 (Privatos
1779 4233 2013 4275 arceres
2065 4219 2346 4274 comnino
2398 4219 2462 4272 in
2515 4218 2861 4272 civitatibus
2916 4215 3010 4271 vel
3063 4216 3122 4271 in
3181 4216 3333 4271 vicis

768 4312 1135 4367 constituere
1171 4311 1490 4372 vetamus.)

842 4399 883 4468 ⁸)
939 4399 1002 4453 L.
1055 4398 1106 4452 3.
1161 4397 1221 4453 C.
1276 4395 1382 4451 Th.
1435 4395 1513 4450 X.
1566 4397 1617 4449 4.
1672 4394 1742 4448 In
1803 4394 2044 4461 negotio
2094 4392 2390 4447 criminali
2429 4405 2533 4460 per
2568 4391 2922 4446 rationalem
2959 4390 3198 4445 colonos
3235 4388 3330 4444 vol

771 4486 1166 4542 conductores
1204 4485 1287 4539 rei
1316 4483 1587 4552 privatae
1606 4483 1863 4548 nostrae,
1883 4495 2140 4550 quorum
2161 4478 2626 4548 repraesentatio
2646 4478 2932 4546 poscitur,
2952 4477 3334 4532 exhibendos

770 4587 919 4643 esse,
969 4572 1285 4627 sinceritas
1313 4572 1420 4625 tua
1455 4569 1801 4638 cognoscat;
1842 4568 1907 4623 in
1944 4568 2105 4623 civili
2146 4581 2284 4621 vero
2322 4581 2501 4622 causa
2537 4564 2908 4620 defensorem
2948 4565 3163 4620 domus
3199 4577 3335 4619 nos·

770 4663 899 4716 trae
937 4660 1145 4715 adesse
1183 4659 1410 4713 debere.

843 4748 883 4816 ⁶)
923 4747 983 4802 L.
1042 4746 1125 4801 11.
1179 4745 1236 4801 C.
1288 4745 1394 4799 Th.
1437 4743 1515 4798 II.
1553 4745 1603 4799 1.·
1636 4743 1880 4797 Minime
1918 4743 2257 4811 provinciae
2295 4743 2489 4796 rector
2523 4740 2836 4807 exspectet
2869 4739 2929 4792 in
2970 4752 3103 4792 reos
3139 4737 3333 4792 crimi-

773 4848 955 4890 nosos
1007 4835 1269 4888 actorem
1313 4832 1701 4900 dominicum,
1739 4829 1843 4883 sed
1883 4830 2101 4884 habeat
2138 4828 2496 4883 exhibendis
2537 4826 2737 4881 noxiis
2773 4826 3162 4895 potestatem:
3204 4825 3331 4878 uta·
