3770 5738
1610 512 1730 607 ,57

397 707 490 772 de
538 708 692 772 aliis
740 708 1007 773 colonis
1054 682 1194 771 non
1246 707 1509 790 valuit;
1560 709 1771 773 immo
1827 710 2170 773 traditum
2219 714 2328 774 est
2353 728 2472 775 eos
2498 729 2656 776 cum
2684 712 2961 777 domino
3005 736 3014 745 ·

402 826 492 891 de
537 827 681 906 agri
732 826 1098 906 cuiusdam
1150 827 1455 891 dominio
1507 828 1703 891 litem
1752 828 2006 892 habere
2057 830 2369 908 potuisse
2399 826 2543 906 ¹l2).

500 945 606 1015 Ex
673 945 784 1009 his
839 945 1164 1009 omnibus
1212 949 1503 1026 apparet
1549 946 2035 1027 adscripticios
2083 947 2304 1011 multo
2358 948 2640 1029 propius
2690 949 2776 1012 ad
2827 966 2962 1013 ser-

405 1081 534 1128 vos
604 1063 928 1128 accedere
1000 1080 1204 1144 quam
1287 1064 1567 1128 colonos
1643 1064 2050 1142 ordinarios7
2123 1083 2257 1145 quo
2329 1066 2408 1129 fit
2474 1070 2552 1130 ut
2601 1067 2709 1130 his
2762 1084 2961 1148 oppo-

405 1158 668 1245 nantur
717 1182 834 1261 qui
880 1182 1212 1246 dicuntur
1261 1181 1478 1246 liberi.
1531 1181 1754 1247 Semel
1806 1200 2045 1247 eorum
2098 1183 2293 1247 liberi
2328 1184 2646 1266 „servilis
2673 1186 2962 1266 partus”

406 1301 702 1364 vocatur
728 1295 797 1376 3).
855 1301 1276 1364 Accuratius
1326 1301 1487 1364 alibi
1515 1301 1752 1388 audit:
1788 1321 2030 1383 „paene
2056 1304 2164 1375 est
2196 1308 2272 1365 ut
2297 1303 2593 1383 quadam
2617 1304 2965 1368 servitute

406 1418 625 1483 dediti
703 1414 1224 1513 videantufflf).
1306 1419 1394 1484 Et
1467 1420 1915 1485 Justinianus
1992 1420 2378 1485 exclamat:
2437 1414 2652 1503 „quae
2702 1423 2962 1486 etenim

407 1536 802 1601 differentia
847 1537 1033 1601 inter
1082 1553 1328 1601 servos
1377 1539 1449 1601 et
1475 1537 1961 1618 adscripticios
1989 1538 2459 1619 intelleget-ur,
2488 1557 2645 1604 cum
2673 1544 2965 1621 uterque

407 1648 474 1718 in
554 1654 815 1719 domini
889 1654 997 1718 sui
1041 1656 1345 1735 positus
1417 1664 1529 1720 est
1598 1658 1977 1737 potestate,
2055 1660 2129 1721 et
2185 1658 2408 1738 possit
2471 1676 2756 1722 servum
2785 1645 2965 1723 ‘cum

408 1772 677 1854 peculio
747 1773 1248 1838 manumittere
1315 1776 1388 1838 et
1459 1774 1977 1855 adscripticium
2046 1793 2203 1840 cum
2253 1764 2444 1840 terra
2488 1793 2615 1841 suo
2664 1776 2966 1841 dominio

410 1890 853 1979 expellere?’'
883 1886 935 1972 5)
986 1891 1088 1955 Ex
1137 1908 1275 1972 qua
1322 1891 1832 1979 exclamatione
1881 1898 2118 1958 tamen
2167 1893 2373 1957 simul
2424 1898 2624 1974 patet
2669 1895 2965 1976 adscrip-

410 2010 611 2075 ticios
678 2027 814 2074 non
872 2010 1149 2074 eosdem
1198 2026 1353 2074 esse
1401 2027 1482 2074 ac
1532 2028 1795 2076 servos.
1846 2012 2171 2076 Fortasse
2219 1985 2479 2093 o'ptime
2528 2029 2762 2077 eorum
2815 2031 2965 2078 con·

412 2128 750 2193 dicionem
798 2128 1162 2208 designare
1209 2146 1583 2209 possumus
1631 2147 1846 2211 quum
1894 2131 2189 2195 dicimus
2237 2148 2354 2195 eos
2402 2131 2656 2196 liberos
2702 2148 2855 2196 esse
2881 2133 2967 2196 ab

411 2247 537 2327 his,
588 2247 840 2328 quibus
888 2228 1374 2328 subjecti‘non
1423 2248 1570 2312 sint
1618 2265 1738 2328 per
1784 2249 2076 2331 tributa,
2126 2249 2244 2314 sed
2296 2249 2631 2314 obnoxios
2678 2251 2966 2332 eiS,qui·
3043 2232 3050 2243 ⁴

410 2365 536 2429 bus
584 2382 704 2446 per
752 2382 1024 2429 annuas
1070 2365 1471 2431 functiones
1517 2366 1735 2431 dediti
1783 2370 1954 2432 sunt
1978 2362 2050 2445 ὃ).

412 2522 650 2588 pissime
689 2522 995 2578 decretum
1033 2523 1133 2589 sit,
1173 2539 1248 2578 ne
1285 2523 1427 2591 quid
1466 2524 1539 2578 de
1578 2525 1809 2592 peculio
1846 2539 1958 2579 suo
1979 2525 2261 2593 cuiquam
2282 2524 2967 2592 colonorumignorante

414 2609 651 2666 domino
691 2610 911 2678 praedii
950 2612 1058 2665 aut
1093 2609 1353 2665 vendere
1389 2613 1499 2665 aut
1534 2612 1648 2666 alio
1689 2612 1862 2666 modo
1902 2612 2164 2668 alienare
2200 2611 2423 2676 liceret,
2456 2611 2966 2681 quemadmodum

416 2699 618 2752 contra
676 2697 806 2763 ejus
861 2712 1178 2766 personam
1232 2712 1423 2766 aequo
1476 2699 1694 2767 poterit
1747 2699 2077 2754 consistere
2127 2700 2280 2766 jure,
2338 2713 2519 2767 quem
2575 2713 2684 2754 nec
2733 2700 2968 2767 propria

417 2784 653 2851 quidem
689 2785 852 2852 leges
888 2785 982 2838 sui
1012 2785 1170 2852 juris
1207 2784 1423 2839 habere
1460 2786 1802 2852 voluerunt,
1839 2790 1903 2841 et
1936 2786 2284 2854 adquirendi
2329 2788 2586 2853 tantum,
2624 2800 2744 2841 non
2782 2786 2964 2841 etiam

416 2872 811 2928 mnsferendi
849 2874 1149 2941 potestate
1184 2874 1492 2941 permissa,
1530 2874 1772 2930 domino
1810 2877 1874 2928 et
1908 2875 2217 2942 adquirere
2255 2877 2317 2928 et
2356 2875 2572 2929 habere
2602 2874 2968 2929 voluerunt?

418 2958 523 3015 Sed
584 2962 653 3015 ut
703 2961 767 3015 in
818 2961 1017 3015 causis
1066 2960 1343 3015 civilibus
1382 2961 1731 3027 hujusmodi
1769 2961 2087 3016 hominum
2126 2962 2328 3030 generi
2366 2961 2657 3016 adversus
2694 2961 2969 3016 dominos

418 3048 504 3103 vel
557 3048 842 3115 patronos
888 3049 949 3102 et
995 3047 1226 3102 aditum
1275 3048 1739 3103 intercludimus
1786 3050 1847 3103 et
1884 3063 2095 3103 vocem
2134 3063 2426 3116 negamus
2463 3049 2734 3117 exceptis
2769 3062 2967 3117 super·

417 3134 845 3200 exactionibuS‚
899 3135 962 3189 in
1018 3135 1238 3203 quibus
1292 3138 1449 3190 retro
1504 3135 1802 3204 principes
1859 3135 2210 3191 facultatem
2265 3137 2351 3190 eis
2404 3150 2587 3205 super
2642 3136 2752 3191 hoc
2788 3135 2967 3190 inter-

416 3221 669 3288 pellandi
725 3222 1151 3290 praebuerunt,
1203 3223 1290 3276 ita
1341 3222 1404 3277 in
1461 3222 1785 3278 criminum
1827 3223 2212 3278 accusatione
2250 3237 2403 3291 quae
2439 3223 2681 3291 publica
2715 3224 2812 3277 est
2848 3237 2967 3278 non

417 3308 698 3365 adimitur
734 3308 822 3364 eis
856 3311 1099 3378 propter
1133 3323 1308 3364 suam
1345 3317 1714 3378 suorumque
1750 3310 2034 3378 injuriam
2073 3310 2418 3379 experiendi
2455 3309 2715 3366 licentia.

484 3397 527 3463 ¹)
566 3396 630 3451 L.
664 3395 748 3450 20.
789 3396 846 3451 C.
885 3395 936 3450 J.
975 3396 1083 3451 XI.
1118 3397 1205 3452 48.

481 3485 521 3554 ’)
556 3483 927 3538 Ronssnws
963 3484 1146 3538 etiam
1173 3484 1345 3552 plura
1364 3484 1710 3538 discrimina
1727 3487 2070 3552 enumerat3
2091 3483 2356 3552 opinioni
2375 3498 2520 3538 suae
2541 3483 2971 3538 convenienter

421 3571 826 3639 adscripticios
893 3571 1224 3636 dominum,
1273 3570 1514 3626 colonos
1576 3574 1783 3626 autem
1848 3571 2162 3626 dominum
2228 3570 2398 3626 fundi
2470 3571 2771 3638 habuisse,
2830 3570 2972 3640 (vid.

420 3671 469 3726 p.
521 3658 606 3714 53.
661 3658 797 3713 adn.
850 3659 922 3727 2.)
959 3660 1202 3714 enarrat
1235 3659 1296 3725 (l.
1332 3659 1368 3713 l.
1416 3673 1546 3727 pag.
1588 3660 1713 3723 254)
1750 3659 1991 3727 primos
2029 3659 2081 3713 si
2116 3659 2491 3726 aufugerant,
2528 3658 2787 3713 dominis
2823 3659 2970 3727 suis,

421 3747 751 3813 postremos
783 3748 989 3801 autem
1027 3745 1230 3801 fundis
1266 3746 1393 3801 suis
1428 3746 1592 3800 reddi
1612 3745 1819 3802 solitos
1839 3760 1988 3800 esse.
2007 3746 2143 3800 Jam
2163 3745 2428 3800 vidimus
2443 3744 2608 3800 illam
2629 3746 2969 3813 opinionem

423 3845 534 3888 non
593 3834 753 3888 recte
812 3847 944 3887 sese
998 3833 1243 3900 habere;
1302 3847 1496 3901 neque
1544 3836 1706 3887 recte
1758 3834 1998 3900 putavit
2050 3833 2503 3901 adscripticium
2558 3834 2866 3900 tamquam
2904 3847 2969 3887 se

422 3919 613 3988 ipsum
667 3919 935 3975 furatum
973 3920 1263 3989 punitum
1299 3934 1448 3984 esse,
1487 3920 1762 3975 colonum
1802 3921 2013 3975 contra
2047 3920 2120 3974 ad
2159 3921 2450 3988 originem
2490 3921 2730 3974 tantum
2765 3919 2969 3975 reduc-

426 4008 566 4063 tum.
626 4008 697 4063 In
735 4007 797 4062 L.
833 4008 885 4062 6.
920 4010 951 4077 ς
986 4009 1040 4062 9.
1077 4006 1137 4062 C.
1174 4007 1226 4062 J.
1262 4007 1308 4062 1.
1347 4008 1431 4062 12.
1471 4021 1636 4075 „sese
1673 4006 1945 4062 furandi'’
1983 4008 2372 4062 enuntiatum
2410 4009 2536 4062 tam
2575 4006 2647 4062 de
2683 4008 2875 4063 servis
2911 4009 2974 4063 et

424 4094 807 4163 adscripticiis
847 4109 1027 4162 quam
1058 4095 1138 4163 =de
1176 4094 1405 4149 colonis
1443 4096 1772 4162 usurpatur
1806 4096 1867 4149 et
1905 4094 1966 4149 L.
2006 4096 2052 4148 1.
2091 4093 2150 4149 C.
2186 4093 2239 4148 J.
2276 4093 2384 4149 XI.
2421 4093 2504 4149 53.
2542 4094 2726 4150 etiam
2744 4095 2971 4150 colonis

424 4183 571 4250 („qui
609 4181 1018 4237 inserviebant
1036 4182 1212 4236 terris
1235 4196 1352 4237 non
1377 4182 1691 4236 tributario
1713 4196 1876 4237 nexu
1900 4182 2002 4235 sed
2026 4181 2267 4236 nomine
2286 4184 2349 4235 et
2369 4180 2549 4237 titulo
2569 4181 2969 4250 colonorum’')

424 4268 660 4324 vincula
695 4270 756 4323 et
792 4282 1015 4337 poenas
1053 4269 1335 4338 minatur,
1374 4275 1442 4323 ut
1482 4268 1544 4322 L.
1584 4271 1632 4323 1.
1669 4268 1728 4322 C.
1765 4268 1883 4341 Th..
1912 4267 1983 4321 V.
2017 4269 2069 4323 9.
2105 4267 2329 4322 serrum
2366 4269 2428 4322 et
2465 4267 2717 4336 lignum.

488 4355 526 4422 ‘)
564 4355 713 4411 Nov.
750 4354 908 4411 Just.
944 4355 1095 4410 LIV.
1133 4355 1311 4424 praef.

489 4442 531 4502 ⁴›
572 4443 634 4498 L.
669 4443 720 4497 2.
758 4443 816 4497 C.
854 4442 906 4497 J.
945 4443 1049 4498 XI.
1088 4444 1175 4497 50.

492 4529 529 4596 ⁸)
569 4530 627 4584 L.
665 4530 750 4585 21.
789 4532 822 4596 ἓ
864 4533 905 4585 1.
946 4530 1004 4584 C.
1042 4529 1093 4584 J.
1136 4529 1245 4584 XI.
1280 4531 1365 4583 48.

494 4617 530 4679 ⁸)
569 4616 632 4670 L.
666 4617 699 4670 2
755 4616 814 4671 C.
850 4616 899 4671 J.
940 4617 1046 4672 XI.
1081 4617 1166 4672 50.
1222 4616 1425 4671 Coloni
1482 4616 1765 4670 censibus
1819 4616 2144 4670 dumtaxat
2196 4614 2495 4681 adscripti.
2548 4612 2726 4667 sicuti
2762 4613 2836 4668 ab
2874 4612 2971 4674 his

430 4697 585 4757 liberi
621 4707 785 4770 sunt,
822 4705 1040 4771 quibus
1076 4717 1180 4757 eos
1219 4704 1446 4756 tributa
1480 4703 1784 4768 subjectos
1821 4709 1938 4756 non
1980 4701 2225 4762 faciunt,
2260 4702 2344 4754 ita
2382 4700 2491 4765 his,
2513 4699 2732 4767 quibus
2748 4700 2971 4754 annuis

432 4784 828 4845 functionibus
887 4791 947 4844 et
1010 4790 1208 4845 debito
1263 4789 1642 4844 condicionis·
1685 4789 1929 4843 obnoxii
1987 4789 2149 4856 sunt,
2201 4801 2389 4854 paene
2442 4793 2537 4840 est
2589 4788 2659 4840 ut
2710 4786 2966 4854 quadam

435 4876 711 4931 servitute
749 4877 929 4931 dediti
968 4878 1303 4932 videantur.
