3770 5738
2014 494 2104 559 98

776 692 949 773 ipsis
996 692 1231 757 verbis
1279 691 1467 756 inest
1513 693 1587 756 et
1631 693 1997 772 tamquam
2041 707 2155 756 res
2201 689 2572 756 notissima
2614 689 2884 755 siletur.
2933 689 3181 770 Itaque
3224 690 3334 755 vir

775 810 858 875 cl.
907 809 1118 874 Holm
1171 809 1289 890 qui
1335 808 1612 873 Siciliae
1659 809 2030 874 historiam
2077 808 2381 890 scripsit,
2423 808 2650 873 dicere
2675 809 2942 889 potuit:
2978 807 3143 893 „Die
3160 808 3332 874 Zahl

774 927 897 992 der
943 927 1392 993 Ackerbauer
1438 928 1565 992 hat
1610 927 1872 992 wieder
1918 942 2445 1007 zugenommen,
2496 926 2632 991 wie
2676 943 2813 991 uns
2860 925 2969 991 die
2996 926 3333 991 Verrinae

775 1045 1049 1110 Ciceros
1095 1044 1382 1125 zeigen’'
1411 1040 1482 1122 1).
1534 1081 1597 1089 -
1636 1043 2003 1109 Cluentius
2027 1044 2099 1108 in
2127 1061 2292 1124 agro
2319 1043 2612 1110 Falerno
2637 1043 3077 1110 familiariter
3101 1043 3332 1109 Statio

774 1163 1077 1243 quodam
1122 1163 1303 1227 Albo
1351 1163 1704 1243 utebatur,
1730 1163 1849 1243 qui
1907 1162 2193 1228 colonus
2235 1165 2391 1238 erat
2414 1159 2485 1238 2).
2535 1161 2824 1228 Rullum
2853 1165 3055 1243 rogat
3096 1162 3333 1227 Cicero

775 1284 1014 1347 utrum
1070 1298 1235 1362 ager
1282 1281 1488 1347 detur
1533 1281 1839 1363 rusticiS,
1890 1281 2009 1361 qui
2050 1280 2198 1362 jam
2243 1281 2527 1362 habent,
2572 1297 2660 1344 an
2680 1281 2967 1345 urbanis
2993 1275 3064 1356 3).
3092 1280 3331 1346 Coloni

772 1400 1059 1465 fuerunt
1106 1400 1629 1464 Minturnenses
1651 1400 1751 1480 (in
1778 1399 2005 1476 Latio)
2029 1399 2147 1479 qui
2171 1399 2470 1463 Marium
2493 1398 2790 1478 benigne
2806 1403 3235 1479 exceperunt
3259 1394 3331 1476 ⁴),

774 1518 881 1582 uti
950 1518 1167 1583 etiarn
1215 1516 1494 1598 opifices
1548 1520 2001 1598 agrestesque
2048 1517 2351 1598 fuerant,
2407 1517 2527 1597 qui
2572 1519 2789 1581 antea
2831 1516 2918 1581 ad
2968 1533 3127 1582 eum
3177 1534 3332 1581 con·

772 1636 1125 1701 fluxerant
1149 1631 1219 1712 ⁵).
1294 1634 1501 1699 Plebs
1562 1635 1830 1700 rustica
1875 1636 1948 1699 in
1998 1634 2280 1699 Etruria
2325 1651 2367 1699 a
2413 1633 2668 1699 Manlio
2716 1633 3230 1700 sollicitabatur
3256 1629 3329 1717 ⁶).

866 1754 1102 1820 Cicero
1151 1771 1312 1818 cum
1360 1754 1624 1818 incolas
1671 1752 1942 1818 Galliae
1989 1754 2390 1835 provinciae
2436 1755 2825 1834 enumerat,
2871 1753 3078 1818 dicit:
3128 1770 3328 1834 nego-

772 1873 1087 1953 tiatoreS,
1114 1872 1416 1953 colonOS,
1442 1872 1873 1954 publicanoS,
1899 1874 2237 1954 aratoreS,
2263 1873 2625 1954 pecuarios
2655 1868 2725 1955 ⁷),
2752 1871 2863 1936 vel
2897 1871 3327 1954 publicanOS,

771 1991 1115 2072 agricolas
1186 1990 1569 2072 pecuariOS,
1642 1990 2151 2078 negiotiatores
2174 1985 2244 2067 ⁸).
2319 2027 2402 2035 -
2492 1990 2573 2055 In
2642 1989 2975 2055 Numidia
3042 1989 3330 2070 tuguria

772 2109 977 2194 plena
1069 2108 1434 2173 hominum
1524 2107 1745 2173 fuisse
1838 2110 2085 2173 narrat
2175 2107 2557 2174 Sallustius
2630 2123 2972 2189 agrosque
3046 2111 3328 2188 opertos

773 2227 1161 2293 cultoribus
1188 2223 1260 2303 ⁹).
1355 2227 1680 2308 Ingentia
1750 2227 2034 2292 Africae
2103 2226 2479 2293 latifundia
2549 2242 2822 2306 quoque
2893 2242 2981 2291 ex
3043 2226 3325 2307 inscrip-

771 2345 1085 2410 tionibus
1148 2345 1410 2411 saeculi
1473 2345 1762 2410 secundi
1808 2345 1920 2423 (de
1967 2346 2222 2427 quibus
2267 2344 2475 2422 infra)
2513 2344 2996 2426 cognoscimus
3042 2344 3236 2408 culta
3282 2361 3326 2409 a

770 2463 1033 2528 colonis
1057 2458 1154 2540 ¹⁰).
1202 2463 1495 2545 Libyam
1541 2463 1986 2529 Herodianus
2027 2463 2428 2529 affluentem
2476 2462 2648 2528 dicit
2686 2463 3086 2527 hominibus
3109 2465 3325 2543 atque

766 2740 1332 2809 experientissimus
1384 2741 1448 2796 et
1496 2740 2001 2810 diligentissimus
2034 2743 2252 2798 arator.
2285 2742 2349 2797 Is
2383 2756 2523 2798 cum
2561 2742 2863 2798 arationes
2898 2755 3150 2810 magnas
3184 2754 3316 2795 con-

765 2827 979 2883 ductas
1032 2828 1299 2899 haberet,
1354 2828 1538 2898 (quod
1591 2829 1867 2885 homines
1922 2829 2105 2886 etiam
2142 2829 2485 2899 locupletes,
2532 2830 2689 2886 sicut
2726 2829 2825 2886 ille
2864 2830 2975 2897 est,
3012 2828 3076 2885 in
3114 2827 3319 2885 Sicilia

761 2915 951 2971 facere
988 2918 1377 2978 consuerunt)
1400 2957 1550 2971 .....

834 3004 873 3071 ¹)
909 3004 1023 3058 An.
1062 3003 1262 3072 Ηοωι,
1299 3003 1662 3060 Geschichte
1698 3003 1805 3059 des
1839 3003 2138 3060 Siziliens.
2173 3019 2228 3073 p.
2266 3004 2385 3075 104,
2422 3005 2595 3060 cit.in
2623 3004 2791 3060 Neue
2810 3003 3186 3059 Jahrbiicher
3204 3002 3315 3074 111,

830 3178 869 3237 ²)
910 3176 1023 3232 Cic.
1079 3192 1183 3245 pro
1240 3176 1473 3232 Cluent.
1528 3178 1645 3233 175.
1682 3176 1832 3233 Cum
1881 3179 2047 3234 esset
2082 3193 2204 3234 una
2240 3178 2457 3245 Sassia,
2492 3180 2556 3233 et
2595 3178 2786 3235 Statio
2822 3178 2998 3234 Albio
3034 3178 3313 3248 quodam,

759 3264 984 3332 colon0,
1020 3264 1265 3320 homine
1301 3263 1558 3334 valente,
1595 3265 1699 3333 qui
1735 3265 1920 3320 simul
1955 3280 2088 3321 esse
2124 3266 2370 3335 solebat,
2404 3265 2757 3321 familiarius
2794 3267 3142 3321 uteretur..
3163 3306 3176 3320 .
3199 3307 3212 3320 .

829 3351 869 3420 ³)
906 3350 1021 3406 Cic.
1074 3351 1147 3406 de
1201 3350 1313 3419 leg.
1368 3366 1491 3419 agr.
1547 3351 1623 3406 II.
1680 3352 1767 3407 79.
1819 3353 1983 3409 Ante
2034 3354 2281 3409 rusticis
2318 3352 2495 3408 detur
2534 3367 2677 3422 ager
2717 3353 2822 3422 qui
2867 3353 3096 3409 habent
3128 3367 3307 3422 quam

761 3438 1005 3493 urbanis
1025 3479 1038 3493 .
1059 3479 1071 3493 .
1093 3479 1106 3494 .
1131 3478 1144 3493 .

825 3526 865 3593 4)
904 3524 1021 3580 Cic.
1056 3539 1161 3593 pro
1199 3524 1460 3580 Planci0.
1493 3525 1581 3581 26.
1617 3527 1715 3581 An
1751 3525 2202 3582 Minturnenses
2237 3527 2451 3595 coloni,
2488 3527 2645 3596 quod
2683 3527 2743 3582 C.
2769 3526 3022 3582 Marium
3055 3540 3133 3582 ex
3154 3526 3310 3582 civili

757 3626 972 3681 errore,
1026 3613 1207 3679 atque
1261 3625 1339 3666 ex
1391 3613 1593 3681 impiis
1646 3613 1928 3669 manibus
1980 3614 2352 3683 eripuerunt,
2405 3614 2562 3683 quod
2614 3616 2777 3670 tecto
2814 3615 3241 3682 receperunt..
3262 3654 3276 3669 .
3298 3655 3311 3670 .

755 3701 1002 3755 aeterna
1038 3699 1102 3755 in
1139 3699 1315 3754 laude
1352 3702 1689 3755 versantur.

825 3788 863 3849 ⁶)
909 3787 1051 3843 Sall.
1085 3787 1157 3842 de
1193 3787 1327 3842 bell.
1363 3787 1501 3855 Jug.
1536 3787 1622 3842 73.
1657 3788 1707 3843 6.
1746 3787 2018 3857 Denique
2053 3788 2255 3857 plebes
2291 3789 2376 3844 sic
2414 3802 2681 3859 accensa,
2719 3789 2812 3843 uti
2850 3788 3093 3857 opifices
3115 3800 3312 3856 agres-

760 3875 970 3943 tesque
1008 3888 1234 3944 omnes,
1270 3889 1525 3943 quorum
1563 3889 1659 3931 res
1696 3874 1963 3943 fidesque
1998 3875 2062 3930 in
2099 3875 2380 3931 manibus
2399 3876 2551 3931 sitae
2576 3876 2768 3941 erant,
2787 3875 3016 3931 relictis
3035 3874 3314 3944 operibus

753 3960 1212 4030 frequentarent
1247 3961 1537 4017 Marium.
1561 4003 1574 4017 .
1597 4003 1643 4017 ..
3089 3966 3095 3977 ’

825 4049 864 4114 ⁰)
902 4048 1042 4105 Sall.
1080 4049 1152 4103 de
1191 4049 1345 4116 conj.
1380 4048 1507 4104 Cat.
1542 4049 1627 4104 28.
1663 4051 1714 4104 4.
1750 4049 1993 4105 Interea
2028 4048 2286 4105 Manlius
2321 4049 2385 4105 in
2422 4050 2665 4105 Etruria
2698 4050 2934 4119 plebem
2971 4048 3314 4104 sollicitare.

823 4135 864 4204 ⁷)
902 4135 1019 4191 Cic.
1055 4150 1162 4204 pro
1199 4134 1468 4204 Fontejo.
1503 4135 1556 4191 2.

822 4222 865 4290 ε)
937 4265 963 4292 n
1096 4265 1120 4292 n
1336 4265 1362 4292 n
1541 4221 1626 4278 36·

821 4311 863 4376 ⁹)
900 4309 1038 4366 Sall.
1086 4309 1160 4365 de
1215 4309 1351 4364 bell.
1403 4309 1438 4364 J
1442 4324 1538 4377 ug.
1585 4310 1670 4365 46.
1705 4310 1757 4365 5.
1794 4309 2022 4366 Deinde
2057 4310 2185 4379 ipse
2219 4310 2543 4380 (Metellus)
2577 4311 2787 4380 paucis
2822 4310 3034 4366 diebus
3070 4311 3311 4365 intento

749 4397 932 4464 atque
967 4397 1186 4452 infesto
1225 4398 1498 4453 exercitu
1535 4397 1597 4452 in
1635 4396 1983 4452 Numidiam
2019 4398 2300 4468 procedit,
2318 4398 2420 4453 ubi
2447 4400 2658 4454 contra
2674 4399 2811 4454 belli
2833 4399 3046 4454 faciem
3066 4398 3314 4465 tuguria

750 4483 931 4553 plena
967 4484 1301 4551 hominum,
1339 4498 1553 4552 pecora
1587 4483 1970 4553 cultoresque
2005 4485 2069 4540 in
2105 4485 2263 4553 agris
2298 4487 2488 4541 erant.
2514 4516 2567 4525 —
2594 4485 2678 4542 Cf.
2695 4487 2781 4541 54.
2798 4486 2850 4541 6.
2869 4485 3081 4553 Itaque
3099 4485 3162 4540 in
3179 4486 3312 4539 loca

750 4569 1075 4626 Numidiae
1121 4571 1584 4640 opulentissima
1629 4572 1839 4639 pergit,
1873 4586 2048 4640 agros
2083 4573 2304 4642 vastat,
2338 4572 2534 4628 multa
2569 4572 2818 4629 castella
2852 4574 2917 4627 et
2952 4572 3200 4641 oppida.
3222 4611 3236 4626 .
3259 4611 3272 4625 .
3296 4612 3309 4626 .

750 4658 912 4726 capit
945 4658 1352 4726 incenditque.

821 4744 884 4813 ¹⁰)
921 4746 993 4800 A.
1047 4744 1396 4813 Sonumum,
1451 4744 1570 4800 Das
1628 4745 1927 4800 romische
1981 4744 2202 4802 Africa.
2255 4760 2312 4815 p.
2364 4746 2450 4801 35.
2498 4745 2854 4802 Nordafrika
2886 4747 2969 4801 ist
3002 4759 3164 4801 zwar
3200 4742 3309 4800 das

749 4830 1085 4887 klassische
1133 4831 1298 4888 Land
1335 4832 1441 4886 des
1477 4830 2137 4903 Groszgrundbesitzes‚
2160 4833 2301 4888 aber
2325 4833 2419 4889 die
2443 4833 2816 4889 meilenweit
2844 4831 3305 4902 ausgedehnten
