3770 5738
1638 504 1725 568 69

487 701 616 766 Pro
697 702 1171 784 adscripticiis
1256 702 1580 767 dominus
1653 700 1966 784 profecto
2042 702 2315 767 tributa
2385 702 2657 768 solvere
2729 702 2956 786 debet,

392 837 571 900 quae
639 822 882 885 tamen
955 821 1044 884 ab
1115 821 1216 885 eis
1290 821 1594 902 reposcit
1623 815 1705 903 1);
1757 838 1894 903 qua
1940 823 2225 903 propter
2270 822 2628 885 statutum
2674 823 2828 886 erat
2874 824 2957 886 ut

391 937 840 1018 adscripticio
878 938 1158 1002 domino
1206 939 1641 1004 assentiente
1690 939 2023 1004 clericum
2069 937 2216 1003 fieri
2263 938 2529 1020 liceret,
2582 939 2955 1004 dummodo

395 1060 714 1137 pergeret
760 1057 1037 1122 tributa
1083 1073 1212 1121 sua
1257 1057 1561 1139 pendere
1616 1075 1777 1142 „per
1824 1058 2057 1139 ipsum
2108 1055 2512 1121 dominum”
2542 1053 2614 1133 2).

488 1175 775 1241 Praeter
822 1176 1093 1241 tributa
1140 1174 1305 1241 fisco
1352 1176 1589 1241 debita
1637 1176 1900 1241 colonis
1926 1175 2314 1240 mercedem
2340 1192 2610 1256 quoque
2654 1175 2955 1239 dominis

395 1294 706 1359 conferre
771 1295 1160 1375 oportebat,
1245 1296 1643 1376 utrumque,
1731 1297 1814 1359 ut
1882 1310 2094 1375 supra
2170 1293 2497 1375 vidimus,
2545 1293 2953 1374 saepissime

396 1412 602 1499 simul
676 1412 1043 1477 solutum·
1088 1411 1401 1477 Vocatur
1476 1410 1830 1496 „reditus”
1859 1406 1911 1489 ³)
1981 1412 2132 1477 sive
2204 1405 2512 1489 „remos”
2541 1407 2613 1494 ⁴),
2682 1412 2955 1476 tributa

395 1536 632 1596 autem
696 1532 1055 1616 „publicae
1102 1531 1546 1596 functiones’'
1576 1528 1626 1608 5)
1674 1532 1826 1597 sive
1880 1531 2230 1616 „fiscalia”
2260 1527 2331 1614 ⁶),
2389 1531 2540 1597 sive
2590 1532 2744 1612 ipsa
2797 1530 2953 1614 „tri·
3025 1608 3030 1615 ι

394 1650 607 1715 buta''
637 1646 707 1729 ⁷).
788 1651 1240 1732 Temporibus
1309 1649 1795 1716 Valentiniani
1862 1650 2091 1717 adhuc
2162 1667 2313 1716 mos
2359 1653 2512 1716 erat
2558 1652 2641 1715 ut
2688 1666 2953 1715 merces

394 1768 463 1833 in
511 1769 878 1850 speciebus
926 1769 1362 1835 conferretur
1407 1771 1621 1850 atque
1669 1786 1824 1834 eam
1878 1770 1952 1834 in
2000 1770 2088 1834 iis
2143 1769 2491 1834 fructibus
2537 1785 2712 1849 quos
2761 1770 2952 1833 terra

397 1887 748 1968 gigneret3
815 1888 1184 1969 pecuniam
1253 1888 1610 1969 postulare
1694 1888 1994 1953 dominis
2066 1905 2203 1953 non
2267 1888 2523 1953 licebat
2591 1887 2727 1952 nisi
2801 1905 2951 1952 con-

395 2006 697 2070 suetudo
746 2006 1008 2086 praedii
1058 2006 1124 2071 id
1161 2007 1477 2088 exigeret
1502 2003 1578 2089 ⁸).
1604 2007 1683 2070 In
1709 2007 2292 2088 inscriptionibus
2318 2007 2388 2071 hi
2415 2005 2691 2071 fructus
2719 2006 2951 2072 dicun·

396 2126 512 2188 tur
566 2127 844 2208 „partes
890 2125 1248 2205 agrariae''
1275 2120 1328 2202 ⁹)
1375 2125 1486 2190 vel
1542 2128 1821 2209 „partes
1840 2124 2245 2190 fructuum''
2271 2120 2655 2207 ¹⁰)3eorum'
2679 2141 2954 2189 summa

396 2242 790 2307 constituta
854 2246 1005 2307 erat
1054 2244 1125 2307 in
1186 2243 1334 2324 lege
1383 2243 1633 2326 saltus,
1682 2244 1962 2324 qualem
2011 2245 2349 2308 habemus
2395 2244 2467 2308 in
2515 2244 2664 2323 lege
2712 2242 2955 2307 Hadri·

394 2356 665 2442 ana¹¹);
718 2361 788 2424 in
835 2377 919 2425 ea
981 2336 1165 2426 sunt·
1197 2364 1433 2443 partes
1483 2363 1755 2427 tertiae.
1821 2363 2341 2443 Nonnunquam
2389 2362 2954 2443 eiS,epimetrum

394 2479 545 2544 sive
588 2478 1152 2544 additamentum
1203 2480 1627 2546 centesimae
1677 2480 2208 2563 dependendum
2258 2483 2411 2545 erat
2438 2476 2538 2563 ¹²).

389 2690 439 2745 3.
476 2690 536 2745 C.
576 2689 686 2744 Th.
723 2688 796 2745 V.
828 2690 900 2752 3.)
937 2692 1090 2746 serie
1126 2694 1636 2760 permanentibuS,
1672 2693 1731 2748 id
1769 2692 1968 2749 solum
2005 2693 2217 2762 corrigi
2253 2693 2435 2761 atque
2470 2691 2773 2748 emendari
2795 2691 2960 2760 jube,

387 2793 542 2845 mua,
582 2778 655 2832 ut
688 2778 969 2833 senatorii
1006 2778 1177 2834 fundi
1213 2793 1335 2834 non
1370 2794 1475 2848 per
1509 2780 1702 2836 officia
1736 2784 1839 2848 (sc.
1874 2781 2212 2849 provinciae
2231 2779 2497 2845 rectoris)
2517 2779 2622 2834 sed
2641 2793 2746 2848 per
2765 2779 2960 2835 ouria-

386 2865 473 2920 les
509 2865 715 2935 potius
748 2865 1088 2946 exigantur,
1126 2865 1458 2936 ad.eosque
1494 2868 1717 2924 iterum
1754 2867 2096 2924 sollicitudo
2134 2868 2417 2923 recurrat.

378 2962 390 2975 ·
458 2954 497 3018 ¹)
537 2951 602 3008 L.
636 2955 686 3008 4.
726 2952 786 3008 C.
822 2953 874 3008 J.
910 2953 1017 3009 XI.
1054 2955 1140 3009 48.
1177 2954 1244 3022 Ii,
1282 2969 1466 3023 penes
1502 2955 2014 3024 quos·fund0rum
2053 2949 2318 3010 dominia
2353 2955 2517 3022 sunt,
2551 2968 2656 3023 pro
2693 2954 2790 3008 his
2808 2953 2958 3009 colo·

390 3041 482 3095 nis
518 3040 928 3110 originalibus,
964 3056 1115 3110 quos
1150 3042 1212 3096 in
1248 3042 1395 3097 locis
1429 3043 1621 3098 isdem
1657 3043 1922 3098 censitos
1954 3056 2089 3097 esse
2126 3042 2447 3110 constabit,
2489 3041 2581 3096 vel
2619 3054 2725 3109 per
2759 3054 2825 3095 se
2860 3041 2959 3095 vel

390 3142 494 3196 per
546 3130 778 3183 actores
831 3128 1096 3196 proprios
1152 3131 1391 3197 recepta
1444 3131 1874 3199 compulsionis
1928 3128 2336 3200 sollicitudine
2393 3127 2696 3197 implenda
2748 3127 2959 3183 munia

390 3214 720 3269 functionis
756 3218 1103 3283 agnoscant.

460 3304 501 3368 ¹)
538 3302 601 3356 L.
640 3302 722 3357 16.
760 3301 817 3357 C.
853 3303 905 3358 J.
944 3302 989 3357 I.
1027 3303 1078 3357 3.
1115 3303 1399 3372 Quisquis
1434 3305 1716 3360 censibus
1751 3305 1932 3360 fuerit
1968 3304 2313 3372 adnotatus,
2351 3304 2541 3359 invito
2568 3303 2694 3371 agri
2715 3301 2957 3357 domino

390 3390 461 3443 ab
516 3390 680 3444 omni
736 3391 1031 3459 temperet
1079 3389 1380 3461 clericatu,
1436 3392 1582 3447 adeo
1639 3394 1711 3448 ut
1744 3393 1932 3447 etiam
1970 3393 2126 3447 si...
2166 3392 2418 3446 clericus
2454 3389 2655 3458 fuerit,
2693 3389 2807 3445 sub
2843 3388 2956 3443 hac

389 3464 515 3544 lege
551 3476 895 3544 religiosum
932 3476 1216 3533 adsumat
1249 3479 1669 3549 sacerdotium,
1707 3482 1778 3534 ut
1813 3481 1875 3533 et
1913 3479 2296 3548 capitationis
2313 3477 2613 3533 sarcinam
2635 3477 2954 3547 peripsum

392 3563 703 3618 dominum
736 3578 1058 3632 agnoscere
1096 3566 1526 3634 compellatur.
1551 3607 1595 3621 ..

462 3650 504 3717 ⁸)
540 3650 601 3705 L.
641 3650 726 3720 20,
761 3650 848 3706 23.
884 3653 918 3719 5
955 3653 1006 3707 2.
1044 3651 1104 3707 C.
1142 3652 1198 3708 J.
1232 3652 1342 3708 XI.
1376 3652 1463 3708 48.

459 3737 500 3806 ⁴)
535 3737 599 3791 L.
642 3737 723 3792 19.
762 3737 820 3793 C.
856 3738 909 3793 J.
947 3738 1055 3794 XI.
1092 3740 1178 3795 48.

460 3824 500 3892 ⁸)
536 3825 600 3879 L.
638 3824 725 3879 20.
761 3824 821 3880 O.
860 3825 915 3880 J.
952 3825 1061 3880 XI.
1095 3826 1181 3882 48.

461 3911 499 3979 ⁸)
538 3912 599 3967 L.
639 3911 688 3966 7.
727 3911 784 3967 C.
823 3911 930 3967 Th.
967 3912 1077 3968 XI.
1116 3914 1165 3968 1.

461 3997 500 4067 ⁷)
537 3998 790 4054 Passim.
1242 4055 1245 4058 ,

463 4085 503 4154 ⁶)
535 4086 599 4140 L.
636 4087 687 4140 5.
725 4084 784 4140 G.
819 4085 872 4141 J.
908 4086 1018 4141 XI.
1053 4088 1138 4142 48.
1178 4086 1412 4142 Domini
1450 4087 1827 4156 praediorum
1864 4088 1924 4143 id
1960 4086 2119 4156 quod
2159 4087 2317 4141 terra
2351 4086 2619 4156 praestat
2641 4083 2954 4154 accipiant,

399 4174 707 4239 pecuniam
763 4186 883 4228 non
921 4174 1245 4243 requirant,
1282 4187 1463 4242 quam
1502 4175 1712 4250 rustici
1749 4176 1954 4243 optare
1993 4189 2114 4230 non
2152 4173 2396 4243 audent,
2431 4173 2548 4228 nisi
2584 4171 2957 4229 consuetudo

401 4260 610 4325 praedii
648 4260 761 4315 hoc
798 4260 1020 4328 exigat.

466 4345 502 4414 ⁹)
538 4346 845 4402 Commodi
882 4348 1034 4403 decr.
1073 4346 1191 4402 Col.
1227 4346 1336 4403 III.
1373 4347 1627 4403 Hermes
1662 4347 1795 4403 XV.
1831 4363 1888 4417 p.
1922 4347 2041 4403 388.

467 4431 525 4501 ¹⁰)
562 4435 687 4488 Lex
728 4433 1046 4490 Hadriana.
1084 4434 1203 4506 Col.
1240 4434 1349 4488 III.
1385 4434 1642 4489 Hermes
1680 4434 1913 4489 XXIX.
1949 4451 2005 4503 p.
2040 4434 2163 4489 209.

469 4518 526 4588 ¹¹)
566 4521 646 4575 De
684 4520 901 4588 quibus
937 4522 1070 4577 vide
1108 4522 1456 4591 Senum-sn,
1493 4521 1750 4576 Hermes
1785 4521 2017 4576 XXIX.
2055 4536 2110 4590 p.
2146 4520 2266 4575 204.

473 4605 525 4674 ¹¹)
562 4608 624 4662 L.
680 4609 764 4662 11.
817 4607 873 4663 C.
929 4608 1036 4664 Th.
1089 4609 1165 4664 X.
1220 4609 1268 4663 1.
1323 4608 1409 4663 Ut
1444 4609 1755 4678 perspicue
1792 4608 2140 4664 colonorum
2177 4606 2544 4662 utilitatibus
2580 4603 2949 4673 consulatur,

410 4688 620 4749 decima
657 4694 979 4750 indictione
1015 4696 1287 4764 singulas
1322 4697 1564 4750 tantum
1601 4695 1946 4764 dependant
1972 4695 2348 4762 centesimaS,
2373 4694 2476 4762 qui
2497 4692 2726 4748 reditus
2743 4692 2949 4747 domui

414 4783 631 4835 nostrae
669 4780 897 4836 debitos
932 4783 1257 4850 quotannis
1283 4783 1465 4850 juxta
1502 4781 2008 4838 consuetudinem
2045 4782 2289 4837 arcariis
2325 4781 2576 4836 tradunt
2586 4779 2710 4847 ;ita
2728 4780 2950 4848 tamen,

418 4865 479 4916 ut
525 4867 890 4934 singularum
945 4885 1181 4939 quoque
1235 4871 1701 4925 centesimarum
1750 4869 1900 4923 ratio
1937 4883 2171 4937 semper
2205 4868 2450 4923 evidens
2487 4867 2773 4922 scientiae
2809 4867 2949 4922 tuae
