3770 5738
1961 450 2089 514 120

697 646 980 711 minime
1029 649 1422 728 curaverat,
1478 647 1688 712 immo
1736 647 2001 712 milites
2046 648 2514 713 arcessiverat
2560 649 2636 712 et
2670 648 2844 712 alios
2874 647 2942 711 in
2972 647 3255 712 vincula

698 765 946 845 conjici
1008 768 1082 829 et
1129 766 1309 830 male
1356 765 1671 846 mulcari,
1726 765 2100 831 nonnullos
2147 766 2363 830 etiam
2405 766 2595 831 cives
2643 766 2993 831 Romanos
3040 766 3254 846 virgis

698 883 891 948 caedi
932 882 1263 964 jusserat,
1311 884 1489 947 hanc
1537 885 1822 949 tantum
1869 886 1955 949 ob
1982 901 2288 967 causam,
2315 884 2495 964 quod
2523 886 2688 949 ante
2714 885 2798 949 de
2823 901 2902 949 eo
2928 887 3255 965 expostu-

698 1001 1023 1066 laverant
1062 1019 1221 1066 cum
1262 1001 1700 1084 imperatore,
1750 1001 1953 1082 cujus
2000 1002 2344 1067 auxilium
2391 1020 2577 1068 nunc
2627 1002 2851 1067 denuo
2898 1003 3254 1067 invocant.

700 1120 966 1184 Petunt
1048 1137 1136 1184 ne
1205 1120 1773 1200 procuratoribus
1843 1120 2102 1184 nedum
2170 1120 2577 1185 conductori
2649 1119 2858 1184 liceat
2931 1121 3252 1204 „partes”

698 1254 863 1302 suas
917 1238 1312 1322 „agrarias”
1362 1237 1477 1303 vel
1532 1254 1939 1322 „operarum
1987 1238 2491 1320 praebitionem
2533 1238 3254 1319 jugorumve’'(hand-

699 1372 784 1420 en
855 1356 1383 1437 spandiensten)
1451 1356 1538 1421 ad
1586 1356 1956 1421 arbitrium
2017 1372 2292 1439 augere,
2341 1357 2462 1421 sed
2518 1358 2619 1437 ut,
2668 1355 3055 1421 secundum
3100 1371 3255 1421 eam

701 1476 972 1555 partem
1052 1474 1224 1555 legis
1296 1473 1695 1539 Hadrianae
1748 1474 1856 1558 „in
1907 1491 2066 1539 aere
2114 1474 2418 1539 incisae”
2470 1492 2648 1555 quae
2695 1475 2831 1539 huc
2880 1474 3250 1556 pertineat,

699 1593 829 1657 hae
904 1593 1146 1676 „binae
1213 1593 1580 1675 aratoriae,
1628 1593 1989 1675 sartoriae,
2038 1594 2412 1657 messoriae
2459 1609 2709 1674 operae
2750 1592 3068 1658 annuae''
3116 1610 3252 1657 ma·

701 1713 1028 1775 neant.—
1115 1711 1502 1792 Rescripsit
1587 1710 2005 1776 Commodus
2073 1712 2365 1793 posthac
2435 1727 2572 1775 non
2645 1711 2849 1792 plura
2918 1711 3259 1791 postulari

700 1829 906 1893 licere
953 1846 1163 1909 quam
1210 1830 1280 1894 in
1339 1832 1715 1913 „perpetua
1761 1828 2029 1894 forma’'
2082 1831 2271 1894 esset
2316 1830 2808 1894 constitutum.
2862 1865 2944 1874 —

790 1948 893 2011 Ex
943 1948 1051 2012 his
1099 1947 1501 2012 colonorum
1549 1965 1769 2028 genus
1814 1947 2161 2028 quoddam
2203 1948 2688 2028 cognoscimus
2735 1948 2806 2011 in
2857 1947 3255 2012 condicione

701 2065 949 2129 multis
1003 2066 1073 2129 in
1123 2066 1331 2130 rebus
1379 2066 1661 2131 diversa
1703 2083 1745 2130 a
1791 2066 2076 2146 coloniS,
2127 2066 2211 2129 de
2259 2082 2555 2146 quorum
2594 2066 2751 2146 jure
2798 2066 3031 2130 fontes
3075 2066 3262 2146 juris

700 2186 850 2249 tam
922 2184 1151 2249 multa
1217 2184 1666 2250 tradiderunt
1711 2188 2101 2266 praecepta.
2152 2185 2233 2249 In
2280 2185 2386 2267 iiS,
2438 2202 2615 2265 quae
2664 2187 3077 2266 sequuntur,
3127 2185 3255 2249 hac

699 2303 1151 2384 inscriptione
1220 2320 1380 2368 cum
1446 2303 1803 2368 nonnullis
1872 2303 2030 2368 aliis
2104 2305 2508 2383 comparata
2533 2298 2605 2384 ¹),
2676 2302 2797 2368 illa
2860 2303 3262 2368 discrimina

702 2420 1026 2501 deinceps
1078 2422 1676 2486 enumerabuntur
1725 2423 1799 2487 et
1846 2421 2405 2502 explicabuntur.
2456 2421 2534 2486 Id
2584 2424 2823 2486 autem
2864 2421 2932 2485 in
2984 2421 3256 2486 univer·

701 2555 858 2603 sum
928 2539 1442 2603 observandum
1509 2541 1641 2619 est,
1688 2541 2015 2620 quamvis
2070 2541 2255 2605 inter
2292 2556 2369 2605 se
2416 2538 2763 2621 differant,
2815 2540 2942 2604 hac
2991 2556 3133 2604 una
3181 2556 3256 2603 re

699 2659 938 2722 tamen
1009 2658 1381 2722 convenire
1451 2674 1604 2722 eos:
1678 2660 1751 2722 et
1822 2658 2037 2723 ceteri
2107 2658 2332 2723 coloni
2401 2661 2474 2722 et
2524 2657 2591 2738 ii,
2659 2657 2744 2721 de
2791 2657 3047 2737 quibus
3072 2673 3257 2721 nunc

698 2776 952 2856 agitur,
1031 2776 1346 2840 homines
1393 2750 1562 2840 sunt
1612 2776 1838 2857 liberi3
1888 2779 2266 2841 occurrunt
2291 2776 2476 2840 inter
2501 2792 2620 2840 eos
2646 2775 2836 2840 cives
2860 2775 3156 2840 Romani
3183 2769 3254 2851 ²).

791 2893 1117 2959 Omnium
1163 2895 1465 2975 primum
1516 2895 1890 2959 discrimen
1934 2895 2002 2959 id
2042 2897 2173 2978 est,
2200 2895 2379 2976 quod
2407 2896 2594 2959 inter
2618 2911 2828 2959 onera
2853 2893 3256 2959 colonorum

699 3029 836 3076 non
889 3015 1317 3077 memoratur
1356 3029 1623 3077 merces
1670 3014 2105 3095 (pachtsom),
2149 3013 2268 3077 sed
2317 3015 2557 3094 partes
2581 3012 2917 3092 agrariae.
2945 3012 3044 3077 Ea
3067 3029 3251 3094 pare,

698 3131 770 3193 in
805 3147 943 3211 qua
978 3130 1060 3195 de
1106 3131 1216 3195 his
1248 3131 1502 3211 agitur,
1550 3131 1987 3213 husJusmodi
2029 3134 2175 3196 est:
2232 3131 2372 3215 „Ut
2403 3131 2644 3212 kapite
2670 3130 2843 3211 legis
2869 3129 3245 3211 Hadriane,

698 3250 878 3329 quod
931 3267 1142 3330 supra
1189 3250 1529 3331 scriptum
1580 3255 1710 3330 est,
1747 3252 2157 3332 ademptum
2183 3253 2314 3332 est,
2341 3250 2750 3330 ademptum
2777 3249 2872 3314 sit
2888 3249 3009 3330 jus
3036 3249 3249 3313 etiarn

696 3369 1332 3450 proc(uratoribus),
1382 3369 1640 3433 nedum
1691 3369 2121 3450 conductori,
2176 3369 2517 3433 adversus
2565 3368 2845 3432 colonos
2868 3367 3250 3449 ampliandi

696 3488 932 3565 partes
1023 3486 1332 3566 agrarias
1415 3490 1541 3551 aut
1625 3492 2042 3567 operar(um)
2112 3486 2620 3568 praebitionem
2682 3484 3148 3565 jugorumve”
3179 3480 3248 3562 ³).

697 3603 1040 3668 Momasnn
1088 3605 1387 3685 putabat
1434 3604 1607 3669 illud
1669 3608 1946 3688 „partes
1992 3604 2346 3685 agra1·ias”
2398 3605 2468 3668 in
2519 3604 2932 3668 universum
2982 3603 3248 3668 dictum

695 3737 849 3786 esse
917 3702 991 3786 et
1060 3722 1243 3786 idem
1312 3722 1706 3803 significare
1777 3725 1989 3803 atque
2037 3740 2118 3786 ea
2170 3739 2347 3802 quae
2396 3724 2788 3801 sequuntur
2843 3738 3129 3803 „operas
3174 3724 3247 3785 et

686 3839 923 3921 juga’';
987 3840 1310 3905 vertebat
1351 3841 1604 3921 igitur:
1662 3840 2278 3924 „Ackerfrohnden
2329 3839 2469 3904 und
2519 3856 2708 3903 zwar
2755 3839 2969 3904 theils
3016 3839 3246 3904 Hand·

766 4025 805 4094 ¹)
844 4024 902 4079 Ο.
939 4024 984 4079 1.
1023 4025 1085 4080 L.
1124 4024 1289 4080 VIII.
1327 4025 1513 4080 14428.
1550 4025 1824 4093 (inventa
1859 4026 1922 4080 in
1959 4024 2110 4080 Gasr
2146 4025 2420 4092 Mezuar).

694 4112 922 4182 Banna,
978 4111 1221 4167 Fontes
1246 4112 1267 4145 ⁸
1318 4128 1373 4182 p.
1431 4111 1554 4167 383.
1589 4112 1858 4180 (inventa
1894 4113 1957 4167 in
2007 4127 2109 4167 ara
2143 4112 2301 4180 apud
2338 4109 2753 4179 Ain-wassel).
2791 4113 2861 4165 A.
2900 4110 3247 4179 Senumnn,

696 4199 800 4255 Die
837 4199 961 4254 Lex
998 4198 1302 4254 Hadriana
1339 4198 1411 4253 de
1451 4200 1701 4254 rudibus
1718 4199 1895 4267 agris.
1916 4199 2172 4254 Hermes
2191 4198 2425 4253 XXIX.
2445 4198 2643 4264 (1894).
2664 4214 2718 4267 p.
2738 4196 3248 4265 204.J.Tou·m1n,

695 4286 1112 4356 L’inscription
1148 4286 1220 4341 de
1257 4286 1528 4342 Henchir
1562 4286 1829 4341 Mettich.
1866 4286 2059 4341 Nouv,
2097 4286 2301 4341 Revue
2337 4285 2482 4341 hist.
2519 4285 2590 4339 de
2629 4286 2788 4340 droit
2822 4284 3005 4354 franc.
3041 4285 3105 4338 et
3139 4286 3250 4339 etr.

697 4373 866 4429 XXI.
918 4374 1096 4441 (1897)
1151 4388 1206 4442 p.
1260 4373 1381 4428 373.
1425 4404 1476 4412 —
1521 4375 1596 4429 A.
1631 4373 1980 4440 Scaeam,
2018 4373 2127 4428 Die
2166 4374 2264 4428 lex
2302 4373 2630 4427 Manciana.
2671 4372 2822 4426 1897.
2868 4402 2917 4409 -
2964 4371 3070 4426 En.
3109 4370 3249 4437 Coo,

693 4461 774 4515 Le
810 4460 1048 4516 colonat
1081 4461 1359 4529 partiaire
1403 4461 1554 4516 dans
1590 4460 1626 4515 l’
1649 4460 1898 4528 Afrique
1943 4461 2209 4515 romaine
2233 4458 2463 4530 d'apres
2491 4460 2527 4514 l'
2546 4459 2897 4528 inscription
2918 4457 3247 4513 d'Henchir

692 4547 960 4602 Mettich.
995 4547 1151 4602 1897.
1186 4580 1254 4587 —
1289 4547 1353 4603 O.
1392 4548 1607 4615 Sason,
1649 4547 1755 4602 Die
1776 4547 2462 4615 Pachtbestimmungen
2482 4547 2647 4601 eines
2666 4546 3005 4601 romischen
3037 4545 3247 4601 GuteS.

693 4633 1039 4690 zeitschrift
1072 4633 1111 4689 f.
1148 4634 1276 4690 Soz.
1317 4635 1439 4690 und
1478 4634 2073 4703 Wirtschaftsgesoh.
2110 4634 2211 4690 VI.
2250 4634 2446 4698 (1898).
2481 4649 2536 4703 p.
2572 4633 2693 4689 305.

764 4721 805 4784 ¹)
842 4720 920 4775 Π.
959 4722 1041 4776 14.
1079 4721 1404 4777 nonnullos
1439 4722 1622 4777 etiam
1660 4721 1821 4776 cives
1858 4722 2159 4779 Romanos
2181 4762 2335 4777 .....

763 4807 807 4876 ⁸)
844 4807 953 4863 ΠΙ.
988 4808 1144 4865 4-9.
