3770 5738
1690 525 1814 592 121

466 752 670 817 theils
740 749 1302 834 Spanndienste”
1334 747 1424 833 ¹);
1499 752 1764 817 Fus'rsr.
1833 752 2312 817 arbitrabatur
2369 770 2489 817 eas
2537 770 2691 817 esse
2742 756 3015 834 partem

465 870 710 935 messis
735 866 806 949 2),
877 872 951 933 et
1021 871 1191 935 haec
1261 870 1493 951 opinio
1554 888 1722 935 vera
1772 874 1882 935 est
1930 871 2248 935 habenda
2296 874 2506 952 atque
2555 872 2641 935 ab
2691 871 3012 935 omnibus

463 987 601 1053 fere
670 991 780 1053 est
848 988 1175 1068 probata3
1255 989 1520 1053 etenim
1567 989 1637 1052 in
1683 989 2254 1069 inscriptionibus
2303 989 2720 1069 quibusdam
2767 993 3013 1070 postea

463 1107 770 1170 inventis
840 1107 1022 1187 apud
1104 1105 1551 1170 Ain-Wassel
1618 1112 1691 1171 et
1763 1106 2074 1172 Henchir
2144 1107 2437 1172 Mettich
2494 1124 2722 1172 sermo
2770 1111 2880 1172 est
2928 1108 3010 1172 de

462 1225 777 1305 partibus
824 1223 1206 1304 fructuum,
1256 1242 1430 1305 quas
1479 1225 1704 1289 coloni
1732 1225 2080 1290 debebant
2107 1226 2439 1305 conferre,
2467 1226 2691 1304 iisque
2717 1225 3009 1306 plerum-

463 1360 593 1424 que
669 1343 907 1408 tertiis
978 1344 1299 1423 partibus
1327 1337 1398 1420 3).
1472 1343 1718 1424 Itaque
1788 1343 2183 1408 luculenter
2253 1343 2364 1408 hic
2440 1343 2697 1408 dicitur
2745 1361 2881 1408 non
2930 1344 3014 1408 de

461 1460 670 1525 solita
739 1461 1082 1526 locatione
1153 1461 1240 1525 ad
1314 1478 1637 1526 nummos
1707 1466 2136 1542 numeratoS,
2206 1462 2325 1526 sed
2400 1462 2485 1526 de
2551 1462 2821 1526 colonia
2868 1479 3014 1544 par·

463 1579 668 1643 tiaria
694 1574 767 1656 ⁴).
860 1579 1023 1644 Fuit
1093 1579 1438 1660 imprimis
1510 1580 1776 1645 Fns'rm.
1849 1599 1936 1645 DE
2009 1578 2427 1645 COULANGES
2497 1581 2614 1660 qui
2681 1581 2844 1644 huic
2915 1580 3012 1645 rei

462 1714 784 1778 magnam
835 1697 979 1760 vim
1023 1698 1391 1780 tribueret,
1419 1698 1747 1778 quoniam
1771 1698 1838 1761 id
1865 1700 2166 1779 putabat
2189 1699 2546 1780 proprium
2572 1701 2643 1763 et
2669 1699 3016 1779 peculiare

464 1832 612 1879 esse
684 1814 874 1879 illius
930 1815 1503 1880 commutationis
1552 1833 1688 1896 qua
1742 1817 1883 1899 „les
1932 1816 2248 1881 fermiers
2297 1833 2422 1897 par
2470 1816 2793 1881 contrat'’
2843 1817 3014 1881 facti

464 1936 631 1998 sunt
678 1933 748 2015 11,
797 1950 971 2014 quos
1019 1936 1229 1998 vocat
1276 1935 1553 2015 proprio
1603 1951 1818 1999 sensu
1867 1934 2169 2016 00101106,
2220 1951 2340 1999 606
2388 1935 2678 2016 scilicet,
2728 1935 2845 2015 qui
2877 1952 3015 1999 non

466 2051 739 2132 publico
789 2050 969 2132 jure,
1019 2051 1138 2116 sed
1184 2052 1338 2133 Jure
1387 2052 1664 2133 privato
1702 2052 1848 2118 solo
1874 2055 2077 2116 erant
2101 2052 2447 2117 adstricti.
2498 2052 2716 2134 Quam
2743 2056 3015 2118 senten·

468 2171 636 2235 tiam
706 2171 835 2235 hoc
884 2171 1027 2234 fere
1077 2170 1277 2235 modo
1325 2172 1617 2251 probare
1665 2173 1962 2236 conatus
2011 2174 2123 2236 est
2149 2171 2390 2247 ⁵):.Ex
2437 2170 2760 2251 epistulis
2808 2171 3016 2236 Plinii

465 2293 754 2370 apparet
799 2288 1080 2353 colonos
1126 2305 1336 2370 saepe
1383 2288 1650 2369 reliqua
1697 2289 2039 2354 mercedis
2065 2289 2345 2371 debere;
2372 2289 2587 2354 etiam
2613 2290 2686 2353 111
2712 2289 3018 2370 Digestis

468 2408 650 2472 haud
723 2424 880 2472 raro
951 2407 1034 2472 de
1105 2407 1394 2487 reliquis
1452 2407 1853 2472 colonorum
1903 2407 1984 2472 fit
2029 2408 2317 2487 mentio,
2366 2425 2542 2488 quae
2591 2408 2675 2472 ad
2722 2407 3016 2472 fundum

466 2525 813 2606 pertinere
864 2524 1495 2607 existimabantur3
1546 2525 1913 2606 legabatur
1962 2526 2149 2590 enim
2205 2542 2708 2605 nonnunquam
2755 2526 3017 2590 fundus

466 2661 624 2708 cum
693 2642 981 2723 reliquis
1029 2644 1432 2707 colonorum
1458 2638 1530 2720 ⁶).
1628 2643 1797 2707 Eam
1844 2645 1930 2708 ob
1980 2660 2263 2708 causam
2313 2643 2581 2708 Plinius
2631 2643 3018 2725 periculum

464 2760 630 2826 fecit
698 2745 925 2827 novae
996 2761 1268 2826 locandi
1338 2761 1674 2826 rationis:
1748 2762 1819 2826 in
1892 2761 2122 2826 locum
2169 2762 2537 2826 locationis
2580 2763 3017 2827 nummariae

462 2880 779 2946 adhibuit
826 2881 1009 2958 (vide
1056 2898 1121 2962 p.
1179 2880 1359 2964 109.)
1407 2880 1830 2962 Hujusmodi
1892 2884 2134 2946 autem
2197 2880 2420 2946 coloni
2467 2898 2590 2962 per
2631 2881 2867 2947 debita
2890 2899 3019 2947 sua

535 3040 578 3101 ι)
613 3039 653 3095 1.
688 3053 737 3095 0.
775 3054 830 3108 p.
863 3039 984 3094 402.

529 3127 570 3195 ¹)
607 3125 845 3181 Fuerat.
901 3140 980 3181 mr
1028 3125 1410 3195 0001611066,
1464 3125 1503 3180 1.
1558 3141 1609 3181 0.
1644 3141 1699 3195 p.
1734 3125 1820 3181 39.
1858 3126 1971 3181 Les
2005 3127 2207 3194 partes
2243 3126 2506 3195 agrariae
2543 3128 2684 3182 sont
2721 3140 2841 3181 une
2878 3129 3014 3195 part

460 3214 531 3268 de
585 3213 642 3268 la
695 3212 939 3279 recolte3
999 3227 1116 3267 une
1163 3212 1241 3268 loi
1279 3212 1361 3268 du
1399 3213 1542 3268 code
1581 3211 1954 3267 Theodosien
1991 3212 2146 3279 (VII.
2183 3213 2268 3268 20.
2307 3214 2409 3278 11.)
2449 3213 2693 3282 designe
2730 3213 2787 3268 la
2824 3215 3020 3268 meme

462 3301 637 3356 chose
693 3315 800 3369 par
860 3300 914 3355 le
969 3302 1099 3355 mot
1151 3301 1484 3368 agraticum
1538 3301 1601 3354 et
1654 3300 1856 3368 ajoute
1907 3315 2023 3368 que
2078 3302 2223 3356 c’est
2278 3315 2342 3356 ce
2390 3315 2507 3369 que
2543 3301 2598 3356 le
2634 3300 3019 3370 111-0911616116

460 3387 643 3457 160011.
678 3402 756 3443 611
795 3389 995 3456 temps
1030 3388 1102 3441 de
1140 3387 1197 3442 la
1232 3388 1516 3442 moisson.

528 3475 567 3544 ¹)
605 3475 952 3546 Scaumim,
990 3475 1093 3544 qui
1131 3475 1321 3544 primo
1359 3475 1635 3539 (Hermes
1673 3474 1888 3530 XXIX
1925 3490 1980 3544 p.
2015 3475 2119 3529 223
2158 3477 2220 3530 et
2258 3475 2383 3540 229)
2420 3476 2493 3530 ad
2513 3476 2885 3531 sententiam
2908 3478 3018 3531 viri

456 3563 528 3618 01.
580 3562 818 3619 Ε’116161.
877 3577 941 3618 66
996 3563 1414 3633 applicaverat,
1473 3565 1682 3632 postea
1736 3562 1861 3624 (Die
1918 3563 2017 3618 lex
2071 3562 2402 3633 Manciana,
2456 3578 2509 3632 p.
2559 3564 2624 3618 21
2684 3564 3018 3621 6111121611

455 3649 815 3706 Mouuessnn
869 3651 1211 3719 opinionem
1265 3650 1460 3716 rediit,
1515 3651 1691 3719 cujus
1743 3651 1828 3706 rei
1883 3665 2129 3706 causam
2189 3650 2363 3705 affert
2410 3665 2480 3705 ea
2516 3664 2669 3719 quae
2706 3652 3022 3707 observata

455 3739 602 3792 sunt
637 3752 673 3794 6
708 3738 834 3794 viro
871 3738 942 3793 cl.
979 3737 1378 3793 Romanam<
1417 3737 1593 3802 (Berl.
1630 3737 1781 3792 Phil.
1817 3735 2306 3793 Wochenschrift
2339 3738 2373 3792 5
2409 3737 2444 3792 J
2450 3737 2554 3793 uni
2593 3738 2727 3793 1897
2765 3740 2867 3807 Sp.
2894 3739 3021 3803 917)

455 3839 669 3894 nempe
724 3825 788 3880 in
845 3824 1151 3880 Commodi
1196 3824 1434 3879 decreto
1471 3825 1816 3893 ceteroquin
1855 3825 1927 3880 de
1966 3826 2159 3894 operis
2197 3826 2438 3880 tantum
2476 3838 2672 3893 neque
2710 3824 2783 3879 de
2819 3825 3021 3893 quotis

455 3913 726 3982 partibus
783 3913 1000 3968 messis
1047 3927 1387 3968 sermonem
1425 3927 1577 3968 6666.
1613 3914 1803 3981 Quam
1840 3914 2213 3969 sententiam
2249 3914 2457 3968 autem
2497 3928 2618 3968 non
2654 3914 3019 3981 probandam

455 4014 585 4054 esse
639 4014 870 4055 censeo.
927 4000 1147 4069 Operas
1200 4003 1400 4069 partes
1450 4000 1715 4069 agrarias
1768 4000 1883 4055 dici
1938 4002 2000 4055 et
2037 4014 2141 4069 per
2176 4015 2240 4054 se
2277 4000 2381 4055 vix
2420 4000 2687 4068 intellegi
2724 4002 2922 4069 potest
2958 4003 3020 4055 et

456 4086 621 4142 nullo
658 4087 774 4142 alio
811 4086 940 4141 loco
977 4086 1384 4142 confirmatur.
1421 4086 1640 4142 Contra
1674 4088 1934 4156 partium
1973 4087 2338 4155 agrariarum
2375 4086 2691 4155 appellatio
2729 4100 2833 4155 pro
2853 4088 3021 4155 parte

456 4175 673 4229 11166616
727 4175 789 4228 et
825 4188 929 4242 per
964 4188 1028 4228 se
1062 4174 1223 4228 clara
1258 4176 1353 4229 est
1388 4175 1451 4228 et
1488 4176 1795 4242 praeterea
1827 4174 2168 4242 explicatur
2203 4173 2551 4242 hujusmodi
2586 4174 2921 4229 enuntiatis
2958 4175 3021 4229 in

456 4260 593 4316 aliis
629 4262 1139 4330 inscriptionibus.
1175 4261 1248 4316 In
1285 4276 1355 4316 66
1389 4276 1542 4329 quae
1579 4263 1811 4329 reperta
1846 4262 1939 4317 est
1975 4261 2130 4330 apud
2170 4261 2439 4316 Henchir
2473 4260 2722 4315 Mettich
2760 4260 3012 4317 dicitur:

457 4361 533 4402 ex
569 4346 896 4403 fructibus,
1043 4349 1246 4417 partes
1282 4349 1585 4417 praestare
1621 4348 1690 4414 (I.
1724 4348 1780 4412 9)
1820 4348 1884 4402 et
1919 4362 2059 4416 pars
2094 4348 2486 4415 agricolarum
2524 4348 2798 4401 vocatur:
2819 4350 3020 4415 partes

457 4434 752 4490 colonicae
806 4434 873 4501 (I.
932 4435 998 4489 15
1053 4436 1115 4489 et
1171 4435 1281 4499 18).
1338 4434 1672 4502 Quominus
1728 4435 1903 4490 ambo
1951 4435 2268 4490 enuntiata
2317 4435 2784 4502 aequiparentur
2820 4435 3021 4489 obstat

457 4521 637 4576 etiam
673 4522 799 4590 ipse
836 4523 1075 4587 textus,
1114 4523 1184 4577 ut
1237 4522 1477 4591 opinor:
1516 4521 1873 4591 „ampliandi
1896 4523 2099 4590 partes
2118 4522 2380 4590 agrarias
2398 4522 2505 4576 aut
2522 4535 2838 4589 operarum
2855 4536 3013 4590 prae·

457 4606 740 4663 bitionem
769 4608 1168 4676 jngorumve”
1209 4619 1448 4677 lneque:
1486 4608 1665 4677 ampl.
1702 4609 1851 4676 part.
1891 4622 2011 4676 agr.
2048 4608 2173 4663 sive
2212 4622 2418 4677 operas
2448 4608 2714 4676 jugave).

524 4695 564 4763 ⁴)
600 4694 736 4750 Jam
772 4694 916 4750 Cato
954 4696 1048 4764 (de
1083 4709 1147 4750 re
1182 4696 1410 4750 rustica
1447 4694 1513 4750 16
1547 4696 1610 4750 61.
1649 4693 1768 4759 137)
1805 4694 2072 4763 loquitur
2113 4694 2186 4749 de
2226 4694 2591 4764 „partiario”.

525 4782 565 4845 ⁸)
605 4781 864 4849 Fuerat,
900 4782 939 4836 l.
977 4796 1024 4836 c.
1061 4797 1114 4851 p.
1154 4782 1376 4837 14-25.

527 4869 569 4935 ⁶)
608 4869 738 4937 Dig.
778 4868 1072 4925 XXXIII.
1111 4870 1160 4924 7.
1202 4869 1445 4938 passim.
