3770 5738
1992 483 2081 547 44

850 682 1111 748 Inutile
1159 686 1271 748 est
1312 682 1486 747 alias
1536 681 1798 746 multas
1847 680 2159 745 virorum
2208 680 2569 745 doctorum
2610 679 2971 760 opiniones
3002 696 3312 745 nonnun-

761 819 971 883 quam
1020 818 1304 882 prorsus
1352 800 1740 865 contrarias
1787 799 2034 864 afferre
2062 795 2148 880 ¹);
2195 802 2566 881 appareret
2611 800 2894 862 tantum
2943 798 3026 862 de
3065 799 3192 862 hac
3218 814 3314 871 re.

763 924 844 985 ut
890 922 1001 984 est
1049 919 1566 999 obscurissima,
1617 918 1790 983 nihil
1839 934 1962 1000 pro
2011 919 2204 982 certo
2251 916 2578 981 affirmari
2604 931 2827 997 posse.
2855 913 2988 980 Sed
3015 914 3314 981 fortasse

761 1037 1024 1118 aliquid
1095 1037 1350 1103 lucrari
1420 1054 1793 1118 possumus
1863 1053 1951 1101 ex
2000 1036 2106 1117 iis,
2156 1051 2332 1116 quae
2379 1034 2626 1098 multis
2672 1032 2974 1099 saeculis
3022 1035 3183 1115 post
3229 1033 3312 1098 de

763 1156 1089 1221 vocabuli
1171 1155 1677 1236 significatione
1763 1155 2166 1219 traduntur.
2255 1153 2576 1233 Legimus
2661 1151 2847 1216 enim
2942 1151 3010 1215 in
3084 1151 3315 1232 glossa

763 1275 1064 1355 quadam
1129 1273 1338 1339 medii
1401 1273 1600 1338 aevi:
1674 1272 1947 1356 „Distat
2003 1272 2189 1337 inter
2217 1270 2613 1351 inquilinos
2660 1272 2734 1334 et
2778 1269 3083 1350 colonos,
3133 1269 3314 1350 quod

763 1392 1082 1473 inquilini
1128 1393 1300 1458 sunt
1330 1392 1451 1471 qui
1487 1391 1782 1455 alterius
1807 1394 2070 1455 terram
2097 1389 2436 1471 incolunt,
2460 1389 2582 1454 sed
2609 1388 2845 1453 nonin
2872 1404 2953 1453 ea
2977 1390 3317 1469 perpetuo

765 1511 1044 1589 durant,
1094 1510 1216 1574 sed
1264 1510 1571 1590 migrant
1621 1508 1704 1573 de
1743 1509 1892 1574 loco
1917 1509 2001 1573 ad
2028 1507 2279 1572 locum.
2307 1506 2546 1572 Coloni
2571 1524 2736 1572 vero
2762 1506 3002 1572 colunt
3025 1505 3319 1571 alterius

765 1631 1028 1693 terram
1099 1629 1298 1707 quasi
1369 1644 1592 1705 suam,
1652 1627 1772 1691 sed
1823 1643 1962 1690 non
2009 1625 2316 1706 migrant
2364 1625 2485 1690 sed
2536 1625 2606 1689 in
2656 1642 2739 1690 ea
2785 1624 3214 1706 perdurant”
3244 1620 3318 1702 2).

767 1746 1195 1827 Quibuscum
1268 1745 1566 1810 conferri
1634 1747 1934 1826 possunt
2001 1744 2164 1809 Isid.
2239 1743 2422 1824 Orig.
2488 1743 2614 1807 IX.
2680 1745 2741 1807 4.
2792 1744 2898 1808 38.
2952 1742 3321 1827 „Inquilini

765 1865 952 1930 enim
999 1868 1170 1929 sunt
1217 1864 1335 1942 qui
1383 1864 1729 1944 emigrant
1776 1867 1851 1928 at
1900 1880 2037 1927 non
2087 1865 2425 1944 perpetuo
2474 1861 2960 1943 permanent.”
3006 1861 3107 1926 Ut
3150 1862 3321 1926 haec

765 2000 1051 2064 prorsus
1099 1983 1338 2047 eodem
1389 1982 1591 2047 modo
1644 1982 1999 2046 valuerint
2045 1981 2128 2046 de
2169 1980 2527 2061 inquilinis
2552 1979 2813 2045 aetatis
2833 1979 3323 2060 imperatoriae

765 2101 915 2166 fieri
963 2118 1102 2166 non
1147 2102 1428 2183 potest;
1481 2100 1742 2165 scimus
1790 2099 1978 2165 enim
2027 2099 2404 2181 inquilinos
2451 2114 2669 2179 aeque
2719 2115 2799 2162 ac
2848 2097 3128 2162 colonos
3174 2096 3322 2162 solo

764 2218 1146 2284 adstrictos
1192 2217 1430 2284 fuisse.
1481 2217 1616 2283 Sed
1664 2218 1968 2283 fortasse
2018 2218 2066 2282 ii
2113 2216 2550 2298 intelligendi
2575 2218 2767 2297 sunt,
2800 2215 3013 2295 quiin
3039 2215 3324 2296 praedio

765 2337 1046 2419 quidem
1080 2354 1254 2418 opus
1278 2336 1623 2402 rusticum
1650 2337 1958 2415 obibant,
1988 2338 2193 2401 extra
2215 2338 2457 2399 autem
2481 2334 2843 2416 praedium
2867 2334 3323 2414 habitabant3

766 2473 947 2537 quae
1014 2456 1075 2520 si
1147 2456 1249 2520 ita
1318 2459 1577 2537 essent,
1651 2455 2081 2536 quadrarent
2150 2454 2364 2519 etiam
2428 2469 2585 2517 cum
2635 2453 2827 2517 vocis
2874 2451 3323 2533 etymologia,

771 2574 1154 2655 inquilinus
1201 2573 1388 2638 enirn
1435 2572 1620 2637 idem
1664 2576 1777 2638 est
1820 2590 1900 2637 ac
1950 2572 2196 2653 incola,
2245 2577 2318 2655 et
2358 2571 2587 2635 incola
2634 2586 2908 2652 semper
2956 2569 3016 2634 is
3041 2569 3177 2633 fuit
3202 2568 3322 2650 qui

651 2732 656 2737 ·
770 2692 1052 2758 aliunde
1099 2695 1298 2757 ortus
1345 2691 1511 2757 alibi
1554 2692 1962 2756 morabatur
1988 2686 2058 2767 ³).

862 2798 1292 2893 Quamquam
1363 2809 1862 2891 inquilinorum
1933 2807 2212 2890 propria
2258 2803 2567 2873 condicio
2617 2808 2770 2871 erat
2795 2801 2871 2889 ⁴),
2921 2805 3325 2871 discrimina

769 2946 929 2994 cum
977 2929 1238 2994 colonis
1282 2928 1554 2996 minimi
1600 2928 1942 2994 momenti
1985 2928 2295 2991 fuerunt.
2332 2925 2629 2990 Disertis
2655 2925 2887 2989 verbis
2911 2925 2980 2989 id
3006 2925 3326 2989 enuntia-

769 3049 890 3112 tur
921 3048 990 3112 in
1017 3048 1088 3112 L.
1122 3048 1224 3113 13.
1253 3046 1322 3112 C.
1350 3048 1413 3112 J.
1443 3046 1564 3112 XI.
1593 3047 1699 3111 48.
1735 3045 2178 3130 „Definimus,
2208 3046 2290 3109 ut
2316 3044 2501 3108 inter
2528 3042 2902 3124 inquilinos
2929 3041 3325 3123 colonosve,

770 3183 1058 3248 quorum
1122 3170 1452 3248 quantum
1488 3166 1614 3238 ,ad
1681 3165 2007 3246 oriyinem
2063 3163 2368 3245 pertinet
2437 3161 2912 3227 vindicandam
2959 3161 3329 3225 indiscreta

770 3285 1125 3366 eademque
1156 3301 1375 3366 paene
1420 3285 1685 3356 videtur
1732 3301 1868 3347 esse
1900 3282 2212 3361 condic-ic,
2242 3280 2406 3345 licet
2431 3280 2529 3345 sit
2553 3279 2923 3344 discrimen
2949 3280 3326 3359 innomine,

771 3403 1081 3483 suscepti
1157 3403 1356 3467 liberi
1433 3401 1545 3466 vel
1620 3404 1915 3481 utroque
1983 3400 2093 3464 vel
2165 3403 2416 3464 neutro
2487 3402 2779 3500 parente
2850 3398 3163 3462 censit0.
3205 3446 3217 3460 .
3258 3447 3271 3461 .
3312 3446 3326 3460 .

843 3614 881 3684 ¹)
918 3614 1006 3669 Ut
1036 3611 1245 3669 unum'
1267 3612 1618 3682 exemplum
1653 3612 1927 3668 afferam:
1964 3626 2101 3667 cum
2127 3612 2327 3666 Senex
2347 3610 2677 3679 inquilinos
2708 3609 2886 3677 putet
2904 3623 3037 3664 esse
3055 3608 3331 3663 barbaros

771 3702 1073 3770 subactos,
1126 3715 1158 3756 e
1215 3701 1513 3756 contrario
1562 3699 1775 3755 Zmarr
1811 3700 2144 3754 arbitratus
2178 3700 2275 3753 est
2310 3698 2640 3767 inquilinos
2674 3696 2963 3752 Romanos
2996 3695 3184 3750 fuisse
3223 3695 3327 3765 qui

770 3789 1074 3854 colonatui
1111 3789 1497 3843 barbarorum
1534 3786 1779 3842 obnoxii
1817 3785 1960 3841 facti
1996 3787 2162 3841 sunt.

842 3876 885 3940 ²)
945 3875 1227 3931 Eanum..
1281 3874 1407 3930 Lex
1461 3888 1708 3930 romana
1744 3872 2225 3941 wisigothorum
2262 3886 2340 3948 p.
2350 3871 2481 3940 460;
2520 3871 2727 3927 laudat
2764 3870 2920 3925 hanc
2953 3870 3328 3925 BnAunoum

843 4049 888 4118 ⁸)
924 4003 1079 4105 Vide
1131 4049 1293 4106 locos
1345 4047 1504 4118 apud
1540 4047 1757 4103 Ktmn.
1793 4047 1839 4101 Ι.
1873 4062 1932 4116 p.
1970 4047 2020 4102 6.
2056 4046 2194 4102 adn.
2228 4033 2314 4101 30.
2355 4045 2436 4100 Cf.
2474 4045 2537 4100 L.
2576 4044 2609 4097 2
2646 4045 2680 4111 ς
2718 4045 2767 4098 4.
2806 4043 2976 4098 O.'I'h.
3013 4043 3119 4098 IX.
3156 4043 3222 4098 21
3247 4084 3260 4098 .
3284 4084 3332 4098 ..

771 4137 937 4193 actor
970 4136 1140 4192 tundi
1180 4136 1277 4191 vel
1312 4149 1525 4190 servus
1560 4134 1646 4190 vel
1678 4134 1870 4190 incola
1908 4135 1990 4201 (ε
2037 4133 2394 4202 inquilinus)
2416 4132 2511 4187 vel
2528 4132 2874 4187 colonuS.—
2897 4130 3127 4185 Notatu
3148 4129 3332 4199 digna

770 4224 953 4279 etiam
989 4225 1086 4280 est
1120 4223 1181 4279 L.
1217 4224 1337 4278 239.
1373 4224 1406 4290 ἓ
1442 4222 1494 4277 2.
1531 4221 1662 4290 Dig.
1700 4221 1760 4276 L.
1798 4213 1898 4277 16':
1936 4220 2138 4276 Incola
2172 4225 2284 4287 est,
2322 4219 2425 4288 qui
2462 4219 2662 4287 aliqua
2697 4218 2937 4285 regione
2957 4217 3331 4273 domicilium

772 4337 954 4378 suum
1011 4323 1288 4391 contulit,
1343 4325 1524 4390 qu'em
1552 4320 1781 4376 'Graeci
1820 4317 2069 4391 πάροικον
2107 4318 2185 4383 (id
2224 4320 2320 4373 est
2347 4318 2532 4386 juxta
2569 4317 2973 4382 habit-antem)
3008 4315 3331 4384 appellant.

772 4410 896 4465 Nec
933 4411 1182 4466 tantum
1219 4410 1302 4479 hi,
1339 4410 1442 4479 qui
1480 4409 1543 4464 in
1581 4408 1794 4477 oppido
1830 4406 2148 4470 morantur
2181 4405 2406 4461 incolae
2442 4407 2606 4472 sunt,
2639 4405 2734 4460 sed
2768 4405 2942 4459 eiiam
2964 4403 3065 4473 qui
3082 4402 3334 4471 alicujus

770 4497 968 4569 oppidi
1020 4498 1231 4567 finibus
1264 4498 1353 4553 ita
1387 4510 1599 4566 ayrum
1635 4495 1860 4562 habent,
1895 4496 1964 4548 ut
1997 4493 2063 4548 in
2097 4508 2225 4548 eum
2258 4507 2328 4560 se,
2366 4491 2533 4562 quasi
2567 4491 2633 4546 in
2668 4491 2933 4561 aliquam
2965 4490 3162 4558 sedem,
3197 4489 3331 4545 reci·

763 4585 1003 4736 Ριῗῗξὶῐ.
1038 4671 1226 4727 etiam
1286 4672 1349 4725 L.
1387 4672 1469 4726 17.
1507 4671 1540 4737 ἓ
1578 4671 1629 4725 7.
1664 4669 1794 4737 Dig.
1829 4667 2089 4723 XXVII.
2127 4667 2175 4721 1.
2213 4666 2501 4736 Inquilini
2540 4625 2875 4721 castrorum
2913 4680 2948 4719 a
2984 4664 3199 4719 tutelis
3232 4678 3328 4719 ox·

774 4759 968 4816 cusari
1023 4759 1239 4826 solent,
1294 4758 1413 4812 nisi
1468 4771 1694 4822 eorum,
1749 4755 1852 4824 qui
1907 4757 1970 4810 et
2013 4749 2125 4824 ipsi
2164 4753 2447 4823 inquilini
2484 4753 2650 4820 sunt,
2687 4752 2849 4808 etin
2888 4751 3096 4806 eodem
3127 4751 3332 4806 castro

773 4847 1073 4916 eademque
1107 4845 1430 4901 condicione
1461 4845 1628 4899 sunt.
