3770 5738
1998 466 2129 532 158

778 665 1071 744 solvere,
1139 682 1183 730 a
1251 665 1625 746 praesectis
1695 665 2042 729 militibus
2115 665 2544 746 cogebantur
2616 665 2708 744 id,
2780 665 2959 744 quod
3034 665 3328 730 nimium

774 784 1164 864 specierum
1225 784 1686 865 accipiebant,
1757 783 2065 847 nummis
2138 782 2337 861 dare;
2386 783 2568 862 quod
2617 783 2925 863 profecto
2970 800 3014 848 a
3059 785 3329 849 tributa

776 901 1245 982 pendentibus
1314 901 1746 982 compensari
1818 901 2137 965 debebat.
2189 903 2426 981 Atque
2490 902 2618 965 hoc
2664 902 2930 965 malum
2978 901 3328 982 ingraves·

774 1021 979 1084 cebat
1039 1023 1250 1101 prout
1311 1021 1669 1084 exercitus
1715 1020 2144 1099 augebatur:
2197 1019 2710 1084 Diocletianum
2757 1020 3069 1106 aequalis
3117 1021 3331 1085 refert

774 1137 1165 1203 exercitum
1192 1143 1444 1219 quater
1465 1140 1751 1202 tantum
1791 1137 2176 1202 reddidisse
2219 1143 2532 1218 quantus
2570 1140 2738 1202 ante
2779 1155 2941 1203 eum
2979 1138 3232 1204 fuisset
3258 1134 3326 1216 ¹).

865 1257 961 1321 Eo
1032 1257 1305 1320 accedit
1375 1256 1554 1337 quod
1626 1256 1750 1320 1113
1820 1257 2251 1321 tributorum
2316 1257 2820 1337 exigendorum
2866 1258 3069 1338 rati0,
3118 1275 3328 1337 quam

774 1353 1252 1439 Diocletianus
1316 1374 1830 1455 introduxerat,
1902 1373 2226 1439 colonum
2297 1377 2371 1438 et
2448 1376 2788 1441 minorem
2857 1392 3326 1457 possessorem

773 1493 998 1558 multo
1078 1493 1300 1573 magis
1369 1494 1731 1573 premebat
1801 1509 2014 1574 quam
2084 1493 2421 1573 majorem
2448 1490 2522 1569 2).
2594 1492 2742 1574 Quo
2812 1493 3027 1558 fiebat
3093 1497 3176 1558 ut
3222 1494 3323 1558 illi

772 1611 1103 1692 permulti
1173 1609 1382 1676 villas
1449 1628 1617 1676 suas
1690 1611 2205 1692 relinquerent:
2272 1611 2483 1695 „adeo
2532 1612 2754 1692 major
2800 1629 2954 1678 esse
3001 1614 3327 1693 coeperat

773 1747 1107 1794 numerus
1152 1729 1649 1810 accipientium
1697 1746 1910 1810 quam
1937 1730 2279 1811 dantium,
2305 1732 2389 1794 ut
2417 1731 2837 1794 enormitate
2863 1730 3326 1795 indictionum

771 1848 1209 1929 consumptis
1279 1848 1548 1912 viribus
1615 1846 2019 1912 colonorum
2089 1847 2580 1913 desererentur
2650 1850 2799 1928 agri
2864 1851 2938 1913 et
3004 1849 3324 1914 culturae

772 1969 1222 2031 verterentur
1271 1966 1339 2029 in
1390 1965 1688 2030 silvam’'
1717 1960 1793 2048 ³).

862 2084 1174 2166 Summa,
1268 2100 1446 2164 quae
1535 2087 1726 2148 certo
1819 2083 2098 2148 cuidam
2170 2084 2548 2164 municipio
2616 2084 3081 2165 persolvenda
3148 2089 3324 2167 erat,

771 2205 1021 2284 quarto
1070 2219 1341 2284 quoque
1388 2218 1572 2266 anno
1620 2202 2224 2281 constituebatur;
2273 2218 2452 2282 quae
2488 2207 2569 2266 ut
2607 2205 3019 2267 constanter
3041 2202 3321 2285 rediret,

768 2339 811 2386 a
859 2321 1344 2403 decemprimis
1413 2320 1594 2384 ratio
1666 2321 2154 2402 repetebatur;
2233 2321 2293 2385 si
2366 2320 2670 2400 pretium
2740 2336 3063 2400 agrorum
3131 2324 3320 2385 retro

772 2441 1095 2520 redierat,
1157 2439 1487 2520 quoniam
1564 2439 1812 2504 inculti
1888 2440 2286 2521 manebant,
2334 2439 2418 2503 ad
2470 2438 2539 2502 id
2588 2455 2722 2503 non
2774 2438 3317 2519 attendebatur;

768 2563 1004 2622 tamen
1075 2537 1424 2622 summam
1494 2557 1841 2637 integram
1913 2558 2239 2638 praebere
2310 2556 2658 2622 debebant
2686 2552 2755 2637 ⁴).
2823 2556 3078 2621 Postea
3122 2559 3321 2620 totus

768 2677 931 2741 ordo
1004 2676 1292 2757 tributa,
1340 2675 1593 2757 quibus
1642 2692 1817 2756 opus
1861 2679 2036 2756 erat,
2083 2678 2443 2757 praestare
2493 2675 2825 2754 debebat;
2874 2674 2987 2739 hic
3035 2677 3318 2754 quotan-

767 2796 877 2859 nis
923 2812 1013 2859 ex
1061 2794 1550 2859 decurionibus
1592 2794 1762 2876 ipsis
1785 2811 1905 2858 eos
1930 2793 2360 2877 designabat,
2386 2794 2503 2876 qui
2530 2811 2879 2858 annonam
2905 2792 3315 2875 exigendam

765 2918 1144 2995 curarent,
1184 2916 1398 2993 atque
1467 2913 1558 2995 id,
1610 2914 1792 2993 quod
1843 2912 2230 2992 deficiebat,
2289 2929 2327 2977 e
2380 2930 2510 2977 sua
2554 2929 2627 2977 re
2675 2911 3002 2976 familiari
3049 2910 3319 2994 supple-

765 3035 925 3097 rent
951 3028 1019 3108 5).
1071 3031 1326 3113 Quodsi
1380 3031 1550 3095 haec
1598 3048 1734 3096 non
1784 3031 2194 3111 sufficiebat,
2243 3031 2329 3094 ab
2376 3031 2484 3111 iis,
2533 3030 2649 3111 qui
2699 3033 3143 3111 susceptores
3181 3046 3316 3094 cre·

766 3154 1084 3233 averant,
1124 3150 1305 3215 ratio
1345 3151 1795 3231 repetebatur
1821 3145 1894 3226 ⁶).
1938 3149 2088 3215 Hoc
2133 3151 2335 3215 modo
2364 3148 2738 3230 vectigalia
2761 3149 3011 3214 aerarii
3034 3150 3319 3230 impera·

766 3367 907 3408 man
943 3352 1083 3407 aber
1118 3351 1292 3406 nicht
1331 3352 1598 3420 weniger
1632 3353 1821 3420 geben
1860 3351 2076 3414 durfte,
2112 3351 2203 3406 als
2237 3351 2410 3419 notig
2446 3366 2589 3419 war,
2627 3352 2740 3419 gab
2766 3365 2906 3406 man
2928 3350 3110 3406 lieber
3127 3351 3320 3406 etwas

768 3440 956 3509 mehr,
1033 3438 1158 3494 und
1222 3439 1327 3493 der
1393 3437 1809 3494 Ueberschusz
1862 3438 2075 3494 wurde
2129 3438 2593 3493 verschwendet
2646 3438 2789 3494 oder
2842 3453 2916 3493 zu
2971 3437 3318 3493 Schleuder·

765 3527 1003 3596 preisen
1039 3526 1336 3581 verkauft.

837 3614 852 3647 ¹
857 3624 879 3682 )
916 3613 1078 3669 Lact.
1114 3613 1198 3668 De
1234 3614 1430 3668 morte
1465 3627 1618 3682 pera.
1655 3613 1705 3668 7.
1727 3614 1905 3668 ....in
1928 3613 2218 3680 quattuor
2234 3613 2437 3681 partes
2455 3612 2594 3668 orbe
2614 3611 2803 3667 diviso
2822 3613 2886 3667 et
2908 3611 3318 3681 multiplicatis

767 3701 1147 3769 exercitibus,
1201 3714 1340 3755 cum
1395 3700 1619 3768 singuli
1652 3714 1859 3755 eorum
1898 3700 2073 3768 longe
2112 3699 2401 3767 majorem
2440 3713 2762 3755 numerum
2800 3698 3063 3754 militum
3099 3698 3317 3755 habere

767 3787 1217 3855 contenderent,
1273 3801 1455 3855 quam
1511 3787 1736 3855 priores
1786 3787 2088 3857 principes
2136 3787 2491 3856 habuerant,
2543 3800 2683 3841 cum
2719 3785 2829 3841 soli
2884 3786 3315 3854 rempublicam

766 3876 1060 3944 gererent.

836 3963 881 4030 ²)
920 3961 1136 4029 Sason,
1172 3960 1250 4016 11.
1285 3975 1342 4029 p.
1377 3960 1497 4015 ⁶267.
1563 3996 1574 4009 .

837 4049 877 4117 ⁸)
915 4049 1075 4105 Lact.
1110 4047 1194 4103 De
1230 4049 1422 4103 morte
1458 4062 1612 4116 pers.
1647 4048 1696 4103 7.

835 4138 878 4204 ⁴)
915 4135 1127 4192 Arcad.
1183 4134 1276 4191 Fr.
1332 4134 1416 4190 18.
1451 4136 1482 4203 ἕ
1534 4135 1622 4190 26.
1667 4135 1780 4191 Pro
1833 4135 2186 4191 muneribus
2239 4134 2659 4190 defunctorum
2694 4133 2922 4189 fiscalia
2955 4133 3316 4189 detrimenta

764 4224 1115 4280 resarciunt.

834 4312 876 4466 :3
912 4310 1193 4454 8302be
1198 4309 1497 4453 1ΡΧ27ξ2
1534 4397 1726 4453 Juxta
1760 4398 2135 4454 inveteratas
2169 4397 2333 4466 leges
2370 4397 2778 4453 nominatores
2812 4397 3231 4465 susceptorum
3255 4396 3318 4450 et

765 4501 989 4554 eorum,
1044 4487 1146 4554 qui
1201 4485 1275 4541 ad
1328 4486 1800 4555 praeposituram
1837 4485 2189 4540 horreorum
2238 4487 2301 4539 et
2335 4499 2623 4554 pagorum
2661 4485 2957 4545 creantur,
2996 4483 3319 4538 teneantur

765 4573 1024 4640 obnoxii,
1080 4574 1130 4628 si
1187 4572 1390 4628 minus
1436 4572 1650 4628 idonei·
1684 4573 1828 4640 sint,
1878 4572 1981 4641 qui
2017 4573 2091 4627 ab
2128 4572 2354 4627 eisdem
2391 4571 2619 4627 fuerint
2655 4571 2967 4637 nominati,
3005 4583 3114 4625 nec
3151 4570 3315 4637 quid·

641 4652 648 4663 “
765 4675 948 4729 quam
999 4673 1076 4715 ex
1123 4674 1330 4715 eorum
1367 4660 1707 4715 substantia
1742 4660 2041 4715 celebrata
2075 4675 2179 4729 per
2212 4660 2628 4728 interpositam
2664 4673 2978 4728 personam
3015 4657 3314 4726 emptione

767 4748 1125 4803 mercentur.
1159 4745 1230 4803 cf.
1252 4747 1316 4803 L.
1331 4747 1382 4802 8.
1406 4788 1419 4802 .
1440 4788 1454 4802 .
1474 4788 1519 4803 ..
1547 4747 1633 4802 ·Et
1650 4746 2137 4803 animadvertant
2154 4747 2498 4815 quicunque
2516 4745 3315 4808 nominaverint(exactores

766 4833 862 4890 vel
898 4834 1405 4905 susceptoresyad
1449 4834 1768 4891 discrimen
1804 4849 1988 4890 suum
2025 4835 2308 4892 universa
2341 4848 2493 4903 quae
2525 4834 2610 4890 illi
2646 4833 2942 4903 gesserint
2965 4831 3317 4887 redundare.
