3770 5738
1983 466 2071 528 80

743 667 1084 733 Praefecti
1136 664 1490 730 Praetorio
1536 666 1911 746 praeerant
1936 658 2006 743 1).
2081 663 2441 727 Extabant
2485 665 2725 727 autem
2750 659 2835 738 2);

837 789 892 851 1.
988 784 1210 851 Praef.
1262 784 1489 848 Praet.
1540 781 1947 861 Galliarum,
1997 782 2125 846 sub
2171 797 2305 862 quo
2686 756 2700 775 '

1102 902 1187 966 A.
1235 901 1541 966 vicarius
1588 899 1996 981 Hispaniae,

1104 1020 1177 1084 B.
1229 1019 1537 1084 vicarius
1576 1022 1849 1100 septem
1897 1017 2414 1098 provinciarum
2453 1018 2590 1094 (i.a.
2640 1016 2930 1099 Galliae,
2957 1016 3297 1097 Belgicae,

1242 1136 1817 1218 Germaniarum),

1107 1256 1176 1321 C.
1228 1255 1537 1320 vicarius
1585 1253 2135 1318 Britanniarum.

837 1378 898 1440 2.
994 1373 1218 1440 Praef.
1268 1374 1497 1438 Praet.
1547 1372 1815 1453 Italiae,
1864 1372 1995 1436 sub
2042 1387 2179 1451 quo

1104 1492 1191 1556 A.
1243 1491 1545 1556 vicarius
1594 1490 1785 1555 urbis
1832 1489 2114 1572 Romae,

1108 1611 1183 1676 B.
1235 1610 1538 1675 vicarius
1586 1608 1831 1674 Italiae
1882 1607 2378 1688 (annonariae),

1110 1729 1179 1793 C.
1230 1728 1536 1795 vicarius
1582 1726 1883 1792 Africae.

837 1851 899 1916 3.
994 1847 1216 1914 Praef.
1267 1847 1497 1911 Praet.
1547 1844 1829 1927 Illyrici,
1878 1846 2010 1909 sub
2058 1861 2192 1925 quo

1111 1966 1195 2031 A.
1246 1982 1370 2048 pro
1418 1965 1702 2030 consule
1752 1963 2083 2046 Achajae,

1108 2084 1186 2149 B.
1234 2083 1540 2149 vicarius
1587 2082 2049 2147 Macedoniae.

840 2204 902 2269 4.
997 2202 1219 2268 Praef.
1269 2202 1501 2266 Praet.
1551 2200 1880 2282 Orientis,
1930 2201 2060 2265 sub
2108 2217 2243 2281 quo

1113 2322 1198 2385 A.
1249 2336 1482 2384 comes
1530 2319 1838 2385 Orientis
1884 2319 1952 2395 (i.
2001 2335 2064 2382 a.
2114 2318 2561 2383 Palaestinae
2594 2317 2725 2383 Iet
2747 2317 2834 2399 11,
2863 2316 3300 2399 Phoeniciae,

1248 2438 1537 2521 Syriae),

1110 2557 1185 2622 B.
1249 2542 1651 2638 praefectus
1698 2554 2118 2635 Augustalis
2164 2554 2236 2636 (i.
2285 2572 2346 2620 a.
2400 2554 2682 2636 Libyae,
2732 2555 3087 2636 Aegypti),

1112 2674 1182 2740 C.
1247 2674 1553 2739 vicarius
1601 2672 1998 2738 dioeceseos
2046 2672 2374 2754 Asianae,

1112 2793 1190 2857 D.
1248 2792 1556 2857 vicarius
1602 2790 1956 2874 Ponticae,

1112 2913 1184 2977 Ε.
1249 2911 1554 2976 vicarius
1603 2910 2074 2976 Thraciarum.

672 3099 683 3108 ,
772 3061 779 3066 ·
843 3029 945 3097 Ex
995 3031 1265 3111 legibus
1311 3015 1607 3110 quarum
1653 3027 1851 3092 tituli
1900 3031 2071 3092 sunt
2121 3027 2394 3108 traditi,
2445 3027 2575 3092 hae
2626 3026 2932 3092 directae
2979 3030 3148 3093 sunt

848 3155 903 3216 1.
946 3149 1308 3216 Praefecto
1334 3148 1442 3212 Pr.
1471 3146 1891 3212 Galliarum:
1942 3146 2015 3211 L.
2071 3146 2127 3210 1.
2180 3145 2249 3210 C.
2303 3145 2426 3210 Th.
2474 3144 2594 3211 IV.
2626 3146 2750 3226 233
2802 3145 2874 3210 L.
2917 3147 3023 3211 26.
3074 3145 3142 3211 C.
3181 3145 3302 3210 Th.

1936 3264 2064 3330 XI.
2112 3266 2169 3346 13
2231 3264 2331 3329 Ll.
2388 3266 2417 3329 1
2473 3266 2547 3329 et
2595 3265 2656 3328 2.
2708 3262 2778 3329 O.
2830 3264 2951 3329 Th.
2991 3263 3152 3329 XII.
3188 3265 3305 3345 19;

1937 3384 1989 3447 L
2039 3383 2097 3447 1.
2165 3382 2236 3446 C.
2286 3381 2347 3447 J.
2399 3381 2552 3447 VII.
2615 3382 2738 3462 383
2805 3381 2905 3446 Ll.
2973 3384 3035 3447 8.
3077 3386 3152 3447 et
3203 3382 3304 3447 13.

1931 3500 2001 3565 C.
2050 3500 2114 3568 J.
2159 3500 2285 3565 XI.
2336 3500 2444 3564 48.

1137 3620 1555 3704 praesertim
1601 3619 1862 3684 vicario
1924 3618 2486 3684 Britanniarum:
2540 3616 2615 3683 L.
2665 3619 2727 3683 2.
2777 3619 2847 3684 C.
2897 3620 3019 3685 Th.
3066 3619 3192 3684 XI.
3248 3620 3308 3685 7.

847 3744 912 3836 2.
962 3740 1184 3806 Praef.
1234 3740 1464 3805 Praet.
1492 3738 1772 3802 Italiae:
1822 3737 1899 3802 L.
1951 3738 2053 3801 11.
2106 3735 2175 3802 C.
2229 3737 2349 3801 Th.
2399 3735 2486 3801 11.
2520 3736 2694 3818 1;·L.
2730 3737 2792 3801 2.
2820 3736 2891 3802 C.
2919 3737 3039 3803 Th.
3067 3737 3155 3803 11.
3183 3738 3307 3819 3o;

1824 3853 1899 3920 L.
1954 3857 2008 3920 1.
2060 3853 2131 3919 C.
2180 3854 2300 3920 Th.
2350 3853 2435 3919 II.
2480 3854 2589 3919 31.
2707 3893 2715 3899 -

1829 3973 1904 4038 L.
1961 3974 2063 4038 10.
2117 3973 2187 4038 C.
2239 3974 2360 4038 Th.
2412 3972 2563 4038 VII.
2601 3974 2662 4037 8.
2696 3976 2769 4038 et
2802 3973 3070 4040 multae
3106 3974 3308 4039 aliae.

1166 4094 1583 4178 praesertim
1640 4093 1901 4158 vicario
1947 4092 2227 4158 Italiae:
2278 4092 2349 4156 L.
2407 4093 2509 4156 10.
2563 4091 2631 4156 C.
2683 4091 2804 4156 Th.
2850 4091 3045 4157 XIII.
3102 4095 3154 4158 1.

1166 4216 1379 4294 atque
1420 4212 1607 4276 inter
1646 4212 1774 4275 has
1814 4210 2169 4276 consulari
2210 4210 2583 4276 Aemiliae:
2631 4210 2704 4274 L.
2750 4211 2810 4275 2.
2845 4210 2914 4275 C.
2942 4210 3004 4275 J.
3045 4210 3173 4276 XI.
3202 4211 3308 4277 48.

1170 4330 1431 4395 vicario
1483 4327 1802 4394 Africae:
1854 4329 1929 4393 L.
1979 4330 2040 4393 3.
2093 4328 2161 4393 C.
2218 4327 2337 4392 Th.
2386 4328 2480 4393 X.
2529 4328 2591 4393 4.

835 4481 874 4548 ¹)
914 4479 1207 4547 Quattuor
1258 4478 1371 4532 hae
1425 4477 1830 4546 praefecturae
1884 4477 2212 4533 institutae
2264 4477 2413 4532 sunt
2467 4492 2627 4532 anno
2679 4477 2783 4532 292
2819 4491 2956 4532 cum
2994 4478 3315 4547 imperium

763 4566 1024 4622 divisum
1061 4567 1156 4620 est
1190 4566 1352 4620 inter
1386 4563 1843 4632 Diocletianum,
1882 4564 2401 4630 Maximinianum‚
2439 4564 2861 4620 Constantium
2897 4567 2961 4619 et
2994 4564 3316 4620 Galerium.

765 4654 916 4708 Cum
955 4652 1394 4708 Constantinus
1436 4665 1595 4706 anno
1631 4650 1735 4705 324
1770 4665 1975 4706 rerum
2012 4652 2246 4720 potitus
2282 4653 2444 4707 esset
2468 4651 2624 4707 hanc
2662 4651 3016 4707 divisionem
3037 4653 3317 4708 servavit.

764 4741 1159 4805 MARQUARDT
1197 4740 1242 4796 1.
1279 4754 1335 4808 p.
1370 4738 1489 4793 231.

836 4829 876 4892 ⁸>
916 4827 1307 4891 MARQUARDT
1345 4824 1392 4883 Ι.
1426 4825 1544 4879 495.
