<?xml version="1.0" encoding="UTF-8"?>
<!DOCTYPE html PUBLIC "-//W3C//DTD XHTML 1.0 Transitional//EN"
    "http://www.w3.org/TR/xhtml1/DTD/xhtml1-transitional.dtd">
<html xmlns="http://www.w3.org/1999/xhtml" xml:lang="en" lang="en">
 <head>
  <title>
</title>
<meta http-equiv="Content-Type" content="text/html;charset=utf-8" />
  <meta name='ocr-system' content='tesseract 3.04.00' />
  <meta name='ocr-capabilities' content='ocr_page ocr_carea ocr_par ocr_line ocrx_word'/>
</head>
<body>
  <div class='ocr_page' id='page_1' title='image "./decolonaturoman00bolkgoog_0125.png"; bbox 0 0 3770 5738; ppageno 0'>
   <div class='ocr_carea' id='block_1_1' title="bbox 1690 490 1816 554">
    <p class='ocr_par' dir='ltr' id='par_1_1' title="bbox 1690 490 1816 554">
     <span class='ocr_line' id='line_1_1' title="bbox 1690 490 1816 554; baseline -0.008 0"><span class='ocrx_word' id='word_1_1' title='bbox 1690 490 1816 554; x_wconf 85' lang='lat'>103</span> 
     </span>
    </p>
   </div>
   <div class='ocr_carea' id='block_1_2' title="bbox 452 681 3030 3730">
    <p class='ocr_par' dir='ltr' id='par_1_2' title="bbox 453 681 2764 893">
     <span class='ocr_line' id='line_1_2' title="bbox 836 681 2764 771; baseline -0.003 -15"><span class='ocrx_word' id='word_1_2' title='bbox 836 691 1277 757; x_wconf 89' lang='lat' dir='ltr'>Fasciculum</span> <span class='ocrx_word' id='word_1_3' title='bbox 1312 691 1551 771; x_wconf 88' lang='lat' dir='ltr'>portes</span> <span class='ocrx_word' id='word_1_4' title='bbox 1582 688 1919 754; x_wconf 90' lang='lat' dir='ltr'>librorum</span> <span class='ocrx_word' id='word_1_5' title='bbox 1952 690 2033 752; x_wconf 88' lang='lat' dir='ltr'>ut</span> <span class='ocrx_word' id='word_1_6' title='bbox 2064 687 2371 753; x_wconf 88' lang='lat' dir='ltr'>rusticus</span> <span class='ocrx_word' id='word_1_7' title='bbox 2402 703 2682 767; x_wconf 86' lang='lat' dir='ltr'>agnum.</span> <span class='ocrx_word' id='word_1_8' title='bbox 2714 681 2764 763; x_wconf 84' lang='grc'>1)</span> 
     </span>
     <span class='ocr_line' id='line_1_3' title="bbox 453 806 2441 893; baseline -0.004 -15"><span class='ocrx_word' id='word_1_9' title='bbox 453 812 669 893; x_wconf 83' lang='lat' dir='ltr'>Saepe</span> <span class='ocrx_word' id='word_1_10' title='bbox 717 811 801 876; x_wconf 91' lang='lat' dir='ltr'>de</span> <span class='ocrx_word' id='word_1_11' title='bbox 847 810 1053 876; x_wconf 87' lang='lat' dir='ltr'>festis</span> <span class='ocrx_word' id='word_1_12' title='bbox 1102 809 1347 874; x_wconf 89' lang='lat' dir='ltr'>diebus</span> <span class='ocrx_word' id='word_1_13' title='bbox 1392 806 1855 889; x_wconf 86' lang='lat' dir='ltr'>agricolarum</span> <span class='ocrx_word' id='word_1_14' title='bbox 1905 810 2234 872; x_wconf 73' lang='lat' dir='ltr'>narratur</span> <span class='ocrx_word' id='word_1_15' title='bbox 2280 822 2441 871; x_wconf 92' lang='lat' dir='ltr'>cum</span> 
     </span>
    </p>

    <p class='ocr_par' dir='ltr' id='par_1_3' title="bbox 862 926 2037 1008">
     <span class='ocr_line' id='line_1_4' title="bbox 862 926 2037 1008; baseline -0.002 -15"><span class='ocrx_word' id='word_1_16' title='bbox 862 929 1115 993; x_wconf 88' lang='lat' dir='ltr'>Festus</span> <span class='ocrx_word' id='word_1_17' title='bbox 1162 928 1232 992; x_wconf 88' lang='lat' dir='ltr'>in</span> <span class='ocrx_word' id='word_1_18' title='bbox 1283 926 1508 1008; x_wconf 88' lang='lat' dir='ltr'>pratis</span> <span class='ocrx_word' id='word_1_19' title='bbox 1554 928 1765 991; x_wconf 84' lang='lat' dir='ltr'>vacat</span> <span class='ocrx_word' id='word_1_20' title='bbox 1811 926 2037 991; x_wconf 84' lang='lat' dir='ltr'>otioso</span> 
     </span>
    </p>

    <p class='ocr_par' dir='ltr' id='par_1_4' title="bbox 452 1044 1629 1231">
     <span class='ocr_line' id='line_1_5' title="bbox 860 1044 1629 1125; baseline -0.004 -13"><span class='ocrx_word' id='word_1_21' title='bbox 860 1046 1034 1112; x_wconf 89' lang='lat' dir='ltr'>Cum</span> <span class='ocrx_word' id='word_1_22' title='bbox 1081 1047 1260 1111; x_wconf 90' lang='lat' dir='ltr'>bove</span> <span class='ocrx_word' id='word_1_23' title='bbox 1308 1061 1548 1125; x_wconf 77' lang='lat' dir='ltr'>pagus,</span> <span class='ocrx_word' id='word_1_24' title='bbox 1577 1044 1629 1121; x_wconf 80' lang='grc'>2)</span> 
     </span>
     <span class='ocr_line' id='line_1_6' title="bbox 452 1168 527 1231; baseline -0.013 0"><span class='ocrx_word' id='word_1_25' title='bbox 452 1168 527 1231; x_wconf 87' lang='lat' dir='ltr'>et</span> 
     </span>
    </p>

    <p class='ocr_par' dir='ltr' id='par_1_5' title="bbox 456 1273 2719 1482">
     <span class='ocr_line' id='line_1_7' title="bbox 864 1273 2719 1362; baseline -0.004 -14"><span class='ocrx_word' id='word_1_26' title='bbox 864 1283 1202 1348; x_wconf 76' lang='lat' dir='ltr'><strong>Rusticus</strong></span> <span class='ocrx_word' id='word_1_27' title='bbox 1248 1283 1618 1348; x_wconf 87' lang='lat' dir='ltr'>emeritum</span> <span class='ocrx_word' id='word_1_28' title='bbox 1666 1281 1824 1362; x_wconf 88' lang='lat' dir='ltr'>palo</span> <span class='ocrx_word' id='word_1_29' title='bbox 1871 1280 2260 1362; x_wconf 89' lang='lat' dir='ltr'>suspendat</span> <span class='ocrx_word' id='word_1_30' title='bbox 2303 1280 2641 1344; x_wconf 78' lang='lat' dir='ltr'>aratrum.</span> <span class='ocrx_word' id='word_1_31' title='bbox 2670 1273 2719 1354; x_wconf 84' lang='grc'>3)</span> 
     </span>
     <span class='ocr_line' id='line_1_8' title="bbox 456 1400 1824 1482; baseline -0.002 -16"><span class='ocrx_word' id='word_1_32' title='bbox 456 1402 647 1468; x_wconf 90' lang='lat' dir='ltr'>Tunc</span> <span class='ocrx_word' id='word_1_33' title='bbox 693 1401 950 1467; x_wconf 86' lang='lat' dir='ltr'>vilicus</span> <span class='ocrx_word' id='word_1_34' title='bbox 995 1401 1258 1467; x_wconf 91' lang='lat' dir='ltr'>colonis</span> <span class='ocrx_word' id='word_1_35' title='bbox 1306 1400 1615 1482; x_wconf 79' lang='lat' dir='ltr'>requiem</span> <span class='ocrx_word' id='word_1_36' title='bbox 1663 1400 1824 1464; x_wconf 90' lang='lat' dir='ltr'>det:</span> 
     </span>
    </p>

    <p class='ocr_par' dir='ltr' id='par_1_6' title="bbox 864 1516 2636 1601">
     <span class='ocr_line' id='line_1_9' title="bbox 864 1516 2636 1601; baseline -0.003 -17"><span class='ocrx_word' id='word_1_37' title='bbox 864 1518 1112 1601; x_wconf 79' lang='lat' dir='ltr'>Vilice,</span> <span class='ocrx_word' id='word_1_38' title='bbox 1160 1519 1249 1585; x_wconf 89' lang='lat' dir='ltr'>da</span> <span class='ocrx_word' id='word_1_39' title='bbox 1293 1519 1603 1600; x_wconf 88' lang='lat' dir='ltr'>requiem</span> <span class='ocrx_word' id='word_1_40' title='bbox 1651 1520 1925 1596; x_wconf 50' lang='lat' dir='ltr'>terrae„</span> <span class='ocrx_word' id='word_1_41' title='bbox 1952 1518 2269 1581; x_wconf 75' lang='lat' dir='ltr'>semente</span> <span class='ocrx_word' id='word_1_42' title='bbox 2317 1516 2636 1596; x_wconf 82' lang='lat' dir='ltr'>peracta3</span> 
     </span>
    </p>

    <p class='ocr_par' dir='ltr' id='par_1_7' title="bbox 866 1633 2398 1718">
     <span class='ocr_line' id='line_1_10' title="bbox 866 1633 2398 1718; baseline -0.003 -16"><span class='ocrx_word' id='word_1_43' title='bbox 866 1637 969 1702; x_wconf 91' lang='lat' dir='ltr'>Da</span> <span class='ocrx_word' id='word_1_44' title='bbox 1013 1636 1326 1718; x_wconf 90' lang='lat' dir='ltr'>requiem</span> <span class='ocrx_word' id='word_1_45' title='bbox 1374 1640 1638 1702; x_wconf 85' lang='lat' dir='ltr'>terram</span> <span class='ocrx_word' id='word_1_46' title='bbox 1686 1636 1805 1717; x_wconf 93' lang='lat' dir='ltr'>qui</span> <span class='ocrx_word' id='word_1_47' title='bbox 1854 1636 2154 1716; x_wconf 85' lang='lat' dir='ltr'>coluere,</span> <span class='ocrx_word' id='word_1_48' title='bbox 2204 1633 2398 1698; x_wconf 90' lang='lat' dir='ltr'>viris.</span> 
     </span>
    </p>

    <p class='ocr_par' dir='ltr' id='par_1_8' title="bbox 863 1745 2753 1837">
     <span class='ocr_line' id='line_1_11' title="bbox 863 1745 2753 1837; baseline -0.004 -17"><span class='ocrx_word' id='word_1_49' title='bbox 863 1756 1092 1837; x_wconf 85' lang='lat' dir='ltr'>Pagus</span> <span class='ocrx_word' id='word_1_50' title='bbox 1133 1759 1300 1837; x_wconf 85' lang='lat' dir='ltr'>agat</span> <span class='ocrx_word' id='word_1_51' title='bbox 1336 1755 1634 1821; x_wconf 88' lang='lat' dir='ltr'>festum:</span> <span class='ocrx_word' id='word_1_52' title='bbox 1676 1771 1934 1837; x_wconf 88' lang='lat' dir='ltr'>pagum</span> <span class='ocrx_word' id='word_1_53' title='bbox 1967 1753 2270 1818; x_wconf 86' lang='lat' dir='ltr'>lustrate</span> <span class='ocrx_word' id='word_1_54' title='bbox 2296 1750 2562 1816; x_wconf 90' lang='lat' dir='ltr'>coloni.</span> <span class='ocrx_word' id='word_1_55' title='bbox 2594 1799 2608 1814; x_wconf 91' lang='lat'>.</span> <span class='ocrx_word' id='word_1_56' title='bbox 2640 1799 2654 1814; x_wconf 91' lang='lat'>.</span> <span class='ocrx_word' id='word_1_57' title='bbox 2684 1745 2753 1830; x_wconf 71' lang='lat'>4).</span> 
     </span>
    </p>

    <p class='ocr_par' dir='ltr' id='par_1_9' title="bbox 462 1867 3020 2427">
     <span class='ocr_line' id='line_1_12' title="bbox 552 1867 3015 1955; baseline -0.003 -16"><span class='ocrx_word' id='word_1_58' title='bbox 552 1873 652 1938; x_wconf 94' lang='lat' dir='ltr'>Ut</span> <span class='ocrx_word' id='word_1_59' title='bbox 722 1873 1012 1939; x_wconf 86' lang='lat' dir='ltr'>Ovidius</span> <span class='ocrx_word' id='word_1_60' title='bbox 1084 1874 1518 1955; x_wconf 83' lang='lat' dir='ltr'>Ferentivas‚</span> <span class='ocrx_word' id='word_1_61' title='bbox 1589 1874 1690 1938; x_wconf 88' lang='lat' dir='ltr'>ita</span> <span class='ocrx_word' id='word_1_62' title='bbox 1763 1871 2082 1937; x_wconf 85' lang='lat' dir='ltr'>Tibullus</span> <span class='ocrx_word' id='word_1_63' title='bbox 2144 1868 2603 1935; x_wconf 88' lang='lat' dir='ltr'>Ambarvalia</span> <span class='ocrx_word' id='word_1_64' title='bbox 2644 1867 3015 1947; x_wconf 89' lang='lat' dir='ltr'>describit;</span> 
     </span>
     <span class='ocr_line' id='line_1_13' title="bbox 462 1981 3016 2076; baseline -0.003 -21"><span class='ocrx_word' id='word_1_65' title='bbox 462 1992 573 2056; x_wconf 88' lang='lat' dir='ltr'>hic</span> <span class='ocrx_word' id='word_1_66' title='bbox 642 2008 914 2073; x_wconf 90' lang='lat' dir='ltr'>quoque</span> <span class='ocrx_word' id='word_1_67' title='bbox 975 1992 1186 2074; x_wconf 76' lang='lat' dir='ltr'>Juxta</span> <span class='ocrx_word' id='word_1_68' title='bbox 1261 1993 1581 2076; x_wconf 83' lang='lat' dir='ltr'>„turbam</span> <span class='ocrx_word' id='word_1_69' title='bbox 1652 1989 2076 2056; x_wconf 84' lang='lat' dir='ltr'>vernarum&#39;&#39;</span> <span class='ocrx_word' id='word_1_70' title='bbox 2149 1988 2376 2054; x_wconf 89' lang='lat' dir='ltr'>coloni</span> <span class='ocrx_word' id='word_1_71' title='bbox 2438 1989 2919 2052; x_wconf 89' lang='lat' dir='ltr'>memorantur</span> <span class='ocrx_word' id='word_1_72' title='bbox 2945 1981 3016 2061; x_wconf 79' lang='lat'>⁵).</span> 
     </span>
     <span class='ocr_line' id='line_1_14' title="bbox 466 2104 3020 2191; baseline -0.002 -17"><span class='ocrx_word' id='word_1_73' title='bbox 466 2109 638 2174; x_wconf 87' lang='lat' dir='ltr'>Cum</span> <span class='ocrx_word' id='word_1_74' title='bbox 706 2114 914 2191; x_wconf 90' lang='lat' dir='ltr'>poeta</span> <span class='ocrx_word' id='word_1_75' title='bbox 981 2110 1289 2176; x_wconf 86' lang='lat' dir='ltr'>indicare</span> <span class='ocrx_word' id='word_1_76' title='bbox 1361 2110 1520 2175; x_wconf 85' lang='lat' dir='ltr'>vult</span> <span class='ocrx_word' id='word_1_77' title='bbox 1567 2109 1957 2175; x_wconf 85' lang='lat' dir='ltr'>Cornutum</span> <span class='ocrx_word' id='word_1_78' title='bbox 2003 2107 2309 2173; x_wconf 90' lang='lat' dir='ltr'>amicum</span> <span class='ocrx_word' id='word_1_79' title='bbox 2355 2123 2493 2171; x_wconf 92' lang='lat' dir='ltr'>non</span> <span class='ocrx_word' id='word_1_80' title='bbox 2541 2122 2785 2171; x_wconf 89' lang='lat' dir='ltr'>omnes</span> <span class='ocrx_word' id='word_1_81' title='bbox 2832 2104 3020 2170; x_wconf 87' lang='lat' dir='ltr'>orbis</span> 
     </span>
     <span class='ocr_line' id='line_1_15' title="bbox 463 2222 3019 2310; baseline -0.003 -18"><span class='ocrx_word' id='word_1_82' title='bbox 463 2231 811 2293; x_wconf 83' lang='lat' dir='ltr'>terrarum</span> <span class='ocrx_word' id='word_1_83' title='bbox 881 2246 1047 2310; x_wconf 89' lang='lat' dir='ltr'>opes</span> <span class='ocrx_word' id='word_1_84' title='bbox 1117 2231 1550 2294; x_wconf 87' lang='lat' dir='ltr'>commutare</span> <span class='ocrx_word' id='word_1_85' title='bbox 1621 2228 1804 2293; x_wconf 90' lang='lat' dir='ltr'>velle</span> <span class='ocrx_word' id='word_1_86' title='bbox 1875 2244 2037 2293; x_wconf 89' lang='lat' dir='ltr'>cum</span> <span class='ocrx_word' id='word_1_87' title='bbox 2099 2241 2334 2291; x_wconf 89' lang='lat' dir='ltr'>amore</span> <span class='ocrx_word' id='word_1_88' title='bbox 2403 2241 2553 2306; x_wconf 80' lang='lat' dir='ltr'>suo,</span> <span class='ocrx_word' id='word_1_89' title='bbox 2625 2224 2753 2288; x_wconf 90' lang='lat' dir='ltr'>hoc</span> <span class='ocrx_word' id='word_1_90' title='bbox 2817 2222 3019 2286; x_wconf 93' lang='lat' dir='ltr'>modo</span> 
     </span>
     <span class='ocr_line' id='line_1_16' title="bbox 463 2345 804 2427; baseline 0 -17"><span class='ocrx_word' id='word_1_91' title='bbox 463 2345 804 2427; x_wconf 89' lang='lat' dir='ltr'>loquitur:</span> 
     </span>
    </p>

    <p class='ocr_par' dir='ltr' id='par_1_10' title="bbox 738 2461 2707 2663">
     <span class='ocr_line' id='line_1_17' title="bbox 738 2461 2707 2546; baseline -0.003 -17"><span class='ocrx_word' id='word_1_92' title='bbox 738 2464 880 2529; x_wconf 93' lang='lat' dir='ltr'>Nec</span> <span class='ocrx_word' id='word_1_93' title='bbox 926 2465 1058 2530; x_wconf 91' lang='lat' dir='ltr'>tibi</span> <span class='ocrx_word' id='word_1_94' title='bbox 1103 2465 1457 2546; x_wconf 82' lang='lat' dir='ltr'>malueris,</span> <span class='ocrx_word' id='word_1_95' title='bbox 1507 2467 1740 2530; x_wconf 90' lang='lat' dir='ltr'>totum</span> <span class='ocrx_word' id='word_1_96' title='bbox 1796 2478 2251 2544; x_wconf 91' lang='lat' dir='ltr'>quaecunque</span> <span class='ocrx_word' id='word_1_97' title='bbox 2299 2478 2421 2543; x_wconf 88' lang='lat' dir='ltr'>per</span> <span class='ocrx_word' id='word_1_98' title='bbox 2471 2461 2707 2526; x_wconf 92' lang='lat' dir='ltr'>orbem</span> 
     </span>
     <span class='ocr_line' id='line_1_18' title="bbox 740 2575 2450 2663; baseline -0.003 -15"><span class='ocrx_word' id='word_1_99' title='bbox 740 2583 971 2648; x_wconf 86' lang='lat' dir='ltr'>Fortis</span> <span class='ocrx_word' id='word_1_100' title='bbox 1019 2587 1177 2648; x_wconf 90' lang='lat' dir='ltr'>arat</span> <span class='ocrx_word' id='word_1_101' title='bbox 1220 2582 1455 2648; x_wconf 86' lang='lat' dir='ltr'>valido</span> <span class='ocrx_word' id='word_1_102' title='bbox 1514 2583 1824 2648; x_wconf 86' lang='lat' dir='ltr'>rusticus</span> <span class='ocrx_word' id='word_1_103' title='bbox 1870 2598 2045 2647; x_wconf 90' lang='lat' dir='ltr'>arva</span> <span class='ocrx_word' id='word_1_104' title='bbox 2090 2582 2269 2646; x_wconf 88' lang='lat' dir='ltr'>bove</span> <span class='ocrx_word' id='word_1_105' title='bbox 2295 2575 2351 2663; x_wconf 81' lang='lat'>⁶)</span> <span class='ocrx_word' id='word_1_106' title='bbox 2379 2575 2450 2655; x_wconf 88' lang='lat'>⁷).</span> 
     </span>
    </p>

    <p class='ocr_par' dir='ltr' id='par_1_11' title="bbox 470 2698 3030 3730">
     <span class='ocr_line' id='line_1_19' title="bbox 561 2698 3026 2782; baseline -0.002 -16"><span class='ocrx_word' id='word_1_107' title='bbox 561 2701 971 2767; x_wconf 85' lang='lat' dir='ltr'>Invenimus</span> <span class='ocrx_word' id='word_1_108' title='bbox 1036 2702 1252 2782; x_wconf 89' lang='lat' dir='ltr'>igitur</span> <span class='ocrx_word' id='word_1_109' title='bbox 1300 2698 1504 2767; x_wconf 90' lang='lat' dir='ltr'>initio</span> <span class='ocrx_word' id='word_1_110' title='bbox 1550 2702 1811 2767; x_wconf 88' lang='lat' dir='ltr'>aetatis</span> <span class='ocrx_word' id='word_1_111' title='bbox 1859 2698 2350 2781; x_wconf 87' lang='lat' dir='ltr'>imperatoriae</span> <span class='ocrx_word' id='word_1_112' title='bbox 2397 2698 2807 2778; x_wconf 90' lang='lat' dir='ltr'>saepissime</span> <span class='ocrx_word' id='word_1_113' title='bbox 2856 2698 3026 2777; x_wconf 89' lang='lat' dir='ltr'>agri-</span> 
     </span>
     <span class='ocr_line' id='line_1_20' title="bbox 470 2816 3026 2902; baseline -0.002 -17"><span class='ocrx_word' id='word_1_114' title='bbox 470 2820 780 2885; x_wconf 86' lang='lat' dir='ltr'>colarum</span> <span class='ocrx_word' id='word_1_115' title='bbox 848 2821 1278 2887; x_wconf 90' lang='lat' dir='ltr'>mentionem</span> <span class='ocrx_word' id='word_1_116' title='bbox 1349 2820 1570 2886; x_wconf 84' lang='lat' dir='ltr'>fuisse</span> <span class='ocrx_word' id='word_1_117' title='bbox 1640 2824 1852 2902; x_wconf 90' lang='lat' dir='ltr'>atque</span> <span class='ocrx_word' id='word_1_118' title='bbox 1923 2836 2002 2885; x_wconf 93' lang='lat' dir='ltr'>eo</span> <span class='ocrx_word' id='word_1_119' title='bbox 2079 2817 2302 2899; x_wconf 80' lang='lat' dir='ltr'>mod0,</span> <span class='ocrx_word' id='word_1_120' title='bbox 2351 2819 2433 2882; x_wconf 89' lang='lat' dir='ltr'>ut</span> <span class='ocrx_word' id='word_1_121' title='bbox 2482 2816 2606 2881; x_wconf 87' lang='lat' dir='ltr'>vix</span> <span class='ocrx_word' id='word_1_122' title='bbox 2655 2817 3026 2898; x_wconf 91' lang='lat' dir='ltr'>quisquam</span> 
     </span>
     <span class='ocr_line' id='line_1_21' title="bbox 471 2930 3028 3020; baseline -0.002 -17"><span class='ocrx_word' id='word_1_123' title='bbox 471 2939 791 3004; x_wconf 90' lang='lat' dir='ltr'>dubitare</span> <span class='ocrx_word' id='word_1_124' title='bbox 838 2930 1063 3020; x_wconf 87' lang='lat' dir='ltr'>possit</span> <span class='ocrx_word' id='word_1_125' title='bbox 1114 2939 1282 3020; x_wconf 91' lang='lat' dir='ltr'>quin</span> <span class='ocrx_word' id='word_1_126' title='bbox 1332 2938 1516 3004; x_wconf 91' lang='lat' dir='ltr'>haud</span> <span class='ocrx_word' id='word_1_127' title='bbox 1564 2939 2031 3020; x_wconf 88' lang='lat' dir='ltr'>spernendam</span> <span class='ocrx_word' id='word_1_128' title='bbox 2086 2938 2358 3018; x_wconf 91' lang='lat' dir='ltr'>partem</span> <span class='ocrx_word' id='word_1_129' title='bbox 2408 2936 2721 3001; x_wconf 92' lang='lat' dir='ltr'>omnium</span> <span class='ocrx_word' id='word_1_130' title='bbox 2766 2935 3028 3000; x_wconf 88' lang='lat' dir='ltr'>civium</span> 
     </span>
     <span class='ocr_line' id='line_1_22' title="bbox 470 3053 3028 3138; baseline -0.002 -16"><span class='ocrx_word' id='word_1_131' title='bbox 470 3057 848 3122; x_wconf 88' lang='lat' dir='ltr'>effecerint.</span> <span class='ocrx_word' id='word_1_132' title='bbox 944 3057 1137 3122; x_wconf 85' lang='lat' dir='ltr'>Idem</span> <span class='ocrx_word' id='word_1_133' title='bbox 1226 3058 1590 3138; x_wconf 87' lang='lat' dir='ltr'>apparebit</span> <span class='ocrx_word' id='word_1_134' title='bbox 1679 3057 1798 3122; x_wconf 90' lang='lat' dir='ltr'>ubi</span> <span class='ocrx_word' id='word_1_135' title='bbox 1881 3057 2260 3138; x_wconf 88' lang='lat' dir='ltr'>scriptores</span> <span class='ocrx_word' id='word_1_136' title='bbox 2342 3054 2684 3136; x_wconf 87' lang='lat' dir='ltr'>sequioris</span> <span class='ocrx_word' id='word_1_137' title='bbox 2767 3053 3028 3119; x_wconf 88' lang='lat' dir='ltr'>aetatis</span> 
     </span>
     <span class='ocr_line' id='line_1_23' title="bbox 472 3172 3029 3258; baseline -0.002 -19"><span class='ocrx_word' id='word_1_138' title='bbox 472 3175 1050 3241; x_wconf 80' lang='lat' dir='ltr'>consuluerimus,</span> <span class='ocrx_word' id='word_1_139' title='bbox 1102 3175 1332 3240; x_wconf 90' lang='lat' dir='ltr'>Etiam</span> <span class='ocrx_word' id='word_1_140' title='bbox 1372 3178 1550 3258; x_wconf 82' lang='lat' dir='ltr'>tum,</span> <span class='ocrx_word' id='word_1_141' title='bbox 1599 3193 1760 3240; x_wconf 90' lang='lat' dir='ltr'>cum</span> <span class='ocrx_word' id='word_1_142' title='bbox 1807 3175 2088 3239; x_wconf 91' lang='lat' dir='ltr'>ordines</span> <span class='ocrx_word' id='word_1_143' title='bbox 2128 3178 2655 3256; x_wconf 84' lang='lat' dir='ltr'>enumerantur,</span> <span class='ocrx_word' id='word_1_144' title='bbox 2686 3172 3029 3254; x_wconf 83' lang='lat' dir='ltr'>agricolae</span> 
     </span>
     <span class='ocr_line' id='line_1_24' title="bbox 474 3290 3028 3379; baseline -0.002 -20"><span class='ocrx_word' id='word_1_145' title='bbox 474 3310 745 3375; x_wconf 89' lang='lat' dir='ltr'>quoque</span> <span class='ocrx_word' id='word_1_146' title='bbox 793 3296 1449 3359; x_wconf 89' lang='lat' dir='ltr'>commemorantur.</span> <span class='ocrx_word' id='word_1_147' title='bbox 1501 3293 1602 3359; x_wconf 91' lang='lat' dir='ltr'>Ut</span> <span class='ocrx_word' id='word_1_148' title='bbox 1647 3294 1895 3359; x_wconf 87' lang='lat' dir='ltr'>scribit</span> <span class='ocrx_word' id='word_1_149' title='bbox 1940 3293 2240 3359; x_wconf 85' lang='lat' dir='ltr'>Seneca:</span> <span class='ocrx_word' id='word_1_150' title='bbox 2300 3293 2468 3379; x_wconf 86' lang='lat' dir='ltr'>„Cui</span> <span class='ocrx_word' id='word_1_151' title='bbox 2506 3310 2645 3357; x_wconf 90' lang='lat' dir='ltr'>non</span> <span class='ocrx_word' id='word_1_152' title='bbox 2688 3309 2776 3356; x_wconf 83' lang='lat' dir='ltr'>ex</span> <span class='ocrx_word' id='word_1_153' title='bbox 2801 3290 3028 3355; x_wconf 88' lang='lat' dir='ltr'>alieno</span> 
     </span>
     <span class='ocr_line' id='line_1_25' title="bbox 476 3408 3029 3493; baseline -0.002 -17"><span class='ocrx_word' id='word_1_154' title='bbox 476 3413 909 3478; x_wconf 90' lang='lat' dir='ltr'>incommodo</span> <span class='ocrx_word' id='word_1_155' title='bbox 981 3413 1305 3477; x_wconf 79' lang='lat' dir='ltr'>lucrum?</span> <span class='ocrx_word' id='word_1_156' title='bbox 1380 3412 1578 3476; x_wconf 89' lang='lat' dir='ltr'>Miles</span> <span class='ocrx_word' id='word_1_157' title='bbox 1626 3412 1889 3477; x_wconf 90' lang='lat' dir='ltr'>bellum</span> <span class='ocrx_word' id='word_1_158' title='bbox 1938 3414 2138 3492; x_wconf 88' lang='lat' dir='ltr'>optat</span> <span class='ocrx_word' id='word_1_159' title='bbox 2185 3412 2245 3476; x_wconf 88' lang='lat' dir='ltr'>si</span> <span class='ocrx_word' id='word_1_160' title='bbox 2293 3411 2605 3493; x_wconf 82' lang='lat' dir='ltr'>gloriam,</span> <span class='ocrx_word' id='word_1_161' title='bbox 2653 3408 3029 3489; x_wconf 87' lang='lat' dir='ltr'>agricolam</span> 
     </span>
     <span class='ocr_line' id='line_1_26' title="bbox 473 3525 3030 3613; baseline -0.002 -18"><span class='ocrx_word' id='word_1_162' title='bbox 473 3547 789 3596; x_wconf 87' lang='lat' dir='ltr'>annonae</span> <span class='ocrx_word' id='word_1_163' title='bbox 836 3531 1096 3596; x_wconf 88' lang='lat' dir='ltr'>caritas</span> <span class='ocrx_word' id='word_1_164' title='bbox 1143 3530 1393 3612; x_wconf 90' lang='lat' dir='ltr'>erigit”</span> <span class='ocrx_word' id='word_1_165' title='bbox 1421 3525 1493 3612; x_wconf 77' lang='lat'>⁸);</span> <span class='ocrx_word' id='word_1_166' title='bbox 1543 3532 1615 3595; x_wconf 89' lang='lat' dir='ltr'>et</span> <span class='ocrx_word' id='word_1_167' title='bbox 1662 3529 1831 3595; x_wconf 90' lang='lat' dir='ltr'>alibi</span> <span class='ocrx_word' id='word_1_168' title='bbox 1861 3529 2258 3613; x_wconf 87' lang='lat' dir='ltr'>„Numquid</span> <span class='ocrx_word' id='word_1_169' title='bbox 2287 3531 2678 3595; x_wconf 87' lang='lat' dir='ltr'>instructus</span> <span class='ocrx_word' id='word_1_170' title='bbox 2706 3527 3030 3593; x_wconf 91' lang='lat' dir='ltr'>omnibus</span> 
     </span>
     <span class='ocr_line' id='line_1_27' title="bbox 472 3644 3028 3730; baseline -0.002 -17"><span class='ocrx_word' id='word_1_171' title='bbox 472 3650 678 3714; x_wconf 89' lang='lat' dir='ltr'>rebus</span> <span class='ocrx_word' id='word_1_172' title='bbox 725 3648 1028 3730; x_wconf 88' lang='lat' dir='ltr'>agricola</span> <span class='ocrx_word' id='word_1_173' title='bbox 1074 3649 1162 3714; x_wconf 90' lang='lat' dir='ltr'>ab</span> <span class='ocrx_word' id='word_1_174' title='bbox 1210 3648 1346 3714; x_wconf 87' lang='lat' dir='ltr'>alio</span> <span class='ocrx_word' id='word_1_175' title='bbox 1394 3648 1654 3713; x_wconf 89' lang='lat' dir='ltr'>instrui</span> <span class='ocrx_word' id='word_1_176' title='bbox 1702 3647 2029 3729; x_wconf 80' lang='lat' dir='ltr'>quaerit?</span> <span class='ocrx_word' id='word_1_177' title='bbox 2077 3647 2429 3729; x_wconf 89' lang='lat' dir='ltr'>Numquid</span> <span class='ocrx_word' id='word_1_178' title='bbox 2477 3648 2796 3712; x_wconf 90' lang='lat' dir='ltr'>armatus</span> <span class='ocrx_word' id='word_1_179' title='bbox 2825 3644 3028 3710; x_wconf 92' lang='lat' dir='ltr'>miles</span> 
     </span>
    </p>
   </div>
   <div class='ocr_carea' id='block_1_3' title="bbox 478 3852 865 3862">
    <p class='ocr_par' dir='ltr' id='par_1_12' title="bbox 478 3852 865 3862">
     <span class='ocr_line' id='line_1_28' title="bbox 478 3852 865 3862; baseline 0 1876"><span class='ocrx_word' id='word_1_180' title='bbox 478 3852 865 3862; x_wconf 95' lang='lat' dir='ltr'> </span> 
     </span>
    </p>
   </div>
   <div class='ocr_carea' id='block_1_4' title="bbox 468 3975 3021 4916">
    <p class='ocr_par' dir='ltr' id='par_1_13' title="bbox 540 3975 1309 4045">
     <span class='ocr_line' id='line_1_29' title="bbox 540 3975 1309 4045; baseline -0.001 -13"><span class='ocrx_word' id='word_1_181' title='bbox 540 3977 581 4042; x_wconf 87' lang='lat'>¹)</span> <span class='ocrx_word' id='word_1_182' title='bbox 617 3975 757 4032; x_wconf 91' lang='lat' dir='ltr'>Hor.</span> <span class='ocrx_word' id='word_1_183' title='bbox 795 3976 982 4045; x_wconf 84' lang='lat' dir='ltr'>Epist.</span> <span class='ocrx_word' id='word_1_184' title='bbox 1021 3975 1065 4030; x_wconf 92' lang='lat'>1.</span> <span class='ocrx_word' id='word_1_185' title='bbox 1103 3976 1187 4030; x_wconf 86' lang='lat'>13.</span> <span class='ocrx_word' id='word_1_186' title='bbox 1223 3976 1309 4031; x_wconf 88' lang='grc'>12.</span> 
     </span>
    </p>

    <p class='ocr_par' dir='ltr' id='par_1_14' title="bbox 538 4062 1378 4130">
     <span class='ocr_line' id='line_1_30' title="bbox 538 4062 1378 4130; baseline -0.002 -11"><span class='ocrx_word' id='word_1_187' title='bbox 538 4065 579 4127; x_wconf 79' lang='lat'>¹)</span> <span class='ocrx_word' id='word_1_188' title='bbox 680 4106 703 4130; x_wconf 78' lang='lat'><strong>„</strong></span> <span class='ocrx_word' id='word_1_189' title='bbox 796 4063 986 4119; x_wconf 89' lang='lat' dir='ltr'>Carm.</span> <span class='ocrx_word' id='word_1_190' title='bbox 1025 4062 1134 4117; x_wconf 89' lang='lat'>111.</span> <span class='ocrx_word' id='word_1_191' title='bbox 1173 4064 1255 4118; x_wconf 89' lang='lat'>18.</span> <span class='ocrx_word' id='word_1_192' title='bbox 1294 4063 1378 4117; x_wconf 93' lang='grc'>11.</span> 
     </span>
    </p>

    <p class='ocr_par' dir='ltr' id='par_1_15' title="bbox 541 4150 1229 4217">
     <span class='ocr_line' id='line_1_31' title="bbox 541 4150 1229 4217; baseline -0.003 -11"><span class='ocrx_word' id='word_1_193' title='bbox 541 4150 584 4217; x_wconf 82' lang='lat'>⁸)</span> <span class='ocrx_word' id='word_1_194' title='bbox 624 4150 789 4207; x_wconf 84' lang='lat' dir='ltr'>Ovid.</span> <span class='ocrx_word' id='word_1_195' title='bbox 828 4150 988 4205; x_wconf 81' lang='lat' dir='ltr'>Fast.</span> <span class='ocrx_word' id='word_1_196' title='bbox 1024 4150 1071 4205; x_wconf 91' lang='lat' dir='ltr'>I.</span> <span class='ocrx_word' id='word_1_197' title='bbox 1106 4150 1229 4204; x_wconf 80' lang='grc'><strong>665.</strong></span> 
     </span>
    </p>

    <p class='ocr_par' dir='ltr' id='par_1_16' title="bbox 536 4236 1224 4307">
     <span class='ocr_line' id='line_1_32' title="bbox 536 4236 1224 4307; baseline -0.001 -15"><span class='ocrx_word' id='word_1_198' title='bbox 536 4237 579 4300; x_wconf 80' lang='lat'>⁴)</span> <span class='ocrx_word' id='word_1_199' title='bbox 689 4280 714 4307; x_wconf 86' lang='lat'>„</span> <span class='ocrx_word' id='word_1_200' title='bbox 897 4279 922 4306; x_wconf 89' lang='lat'>„</span> <span class='ocrx_word' id='word_1_201' title='bbox 1020 4237 1067 4291; x_wconf 90' lang='grc' dir='ltr'>Ι.</span> <span class='ocrx_word' id='word_1_202' title='bbox 1102 4236 1224 4291; x_wconf 87' lang='grc'><strong>667.</strong></span> 
     </span>
    </p>

    <p class='ocr_par' dir='ltr' id='par_1_17' title="bbox 538 4323 1063 4390">
     <span class='ocr_line' id='line_1_33' title="bbox 538 4323 1063 4390; baseline -0.004 -10"><span class='ocrx_word' id='word_1_203' title='bbox 538 4324 579 4390; x_wconf 82' lang='lat'>⁸)</span> <span class='ocrx_word' id='word_1_204' title='bbox 615 4323 740 4380; x_wconf 89' lang='lat' dir='ltr'>Tib.</span> <span class='ocrx_word' id='word_1_205' title='bbox 777 4324 854 4379; x_wconf 90' lang='grc' dir='ltr'>ΙΙ.</span> <span class='ocrx_word' id='word_1_206' title='bbox 894 4326 940 4379; x_wconf 94' lang='grc'>1.</span> <span class='ocrx_word' id='word_1_207' title='bbox 977 4323 1063 4378; x_wconf 80' lang='grc'>28.</span> 
     </span>
    </p>

    <p class='ocr_par' dir='ltr' id='par_1_18' title="bbox 966 4407 2532 4478">
     <span class='ocr_line' id='line_1_34' title="bbox 966 4407 2532 4478; baseline -0.002 -13"><span class='ocrx_word' id='word_1_208' title='bbox 966 4409 1280 4478; x_wconf 82' lang='lat' dir='ltr'>Turbaque</span> <span class='ocrx_word' id='word_1_209' title='bbox 1316 4424 1658 4478; x_wconf 84' lang='lat' dir='ltr'>vernarum,</span> <span class='ocrx_word' id='word_1_210' title='bbox 1693 4408 1883 4464; x_wconf 83' lang='lat' dir='ltr'>saturi</span> <span class='ocrx_word' id='word_1_211' title='bbox 1923 4409 2079 4465; x_wconf 87' lang='lat' dir='ltr'>bona</span> <span class='ocrx_word' id='word_1_212' title='bbox 2114 4408 2287 4477; x_wconf 89' lang='lat' dir='ltr'>signa</span> <span class='ocrx_word' id='word_1_213' title='bbox 2322 4407 2532 4463; x_wconf 89' lang='lat' dir='ltr'>coloni.</span> 
     </span>
    </p>

    <p class='ocr_par' dir='ltr' id='par_1_19' title="bbox 536 4497 1061 4556">
     <span class='ocr_line' id='line_1_35' title="bbox 536 4497 1061 4556; baseline -0.006 0"><span class='ocrx_word' id='word_1_214' title='bbox 536 4499 574 4556; x_wconf 73' lang='lat'>⁶)</span> <span class='ocrx_word' id='word_1_215' title='bbox 611 4497 737 4553; x_wconf 87' lang='lat' dir='ltr'>Tib.</span> <span class='ocrx_word' id='word_1_216' title='bbox 775 4497 852 4552; x_wconf 90' lang='lat'>11.</span> <span class='ocrx_word' id='word_1_217' title='bbox 887 4498 940 4553; x_wconf 85' lang='lat'>2.</span> <span class='ocrx_word' id='word_1_218' title='bbox 976 4497 1061 4553; x_wconf 89' lang='grc'>13.</span> 
     </span>
    </p>

    <p class='ocr_par' dir='ltr' id='par_1_20' title="bbox 468 4578 3021 4828">
     <span class='ocr_line' id='line_1_36' title="bbox 535 4578 3011 4653; baseline -0.003 -12"><span class='ocrx_word' id='word_1_219' title='bbox 535 4584 576 4653; x_wconf 83' lang='lat'>⁷)</span> <span class='ocrx_word' id='word_1_220' title='bbox 613 4585 1027 4653; x_wconf 82' lang='lat' dir='ltr'>Agricolarum</span> <span class='ocrx_word' id='word_1_221' title='bbox 1063 4585 1371 4653; x_wconf 83' lang='lat' dir='ltr'>praeterea</span> <span class='ocrx_word' id='word_1_222' title='bbox 1406 4583 1635 4638; x_wconf 86' lang='lat' dir='ltr'>mentio</span> <span class='ocrx_word' id='word_1_223' title='bbox 1672 4582 1767 4638; x_wconf 86' lang='lat' dir='ltr'>fit:</span> <span class='ocrx_word' id='word_1_224' title='bbox 1804 4582 1929 4639; x_wconf 91' lang='lat' dir='ltr'>Tib.</span> <span class='ocrx_word' id='word_1_225' title='bbox 1966 4582 2044 4637; x_wconf 92' lang='lat' dir='ltr'>II.</span> <span class='ocrx_word' id='word_1_226' title='bbox 2079 4581 2130 4637; x_wconf 88' lang='lat'>3.</span> <span class='ocrx_word' id='word_1_227' title='bbox 2167 4582 2227 4646; x_wconf 83' lang='lat'>73</span> <span class='ocrx_word' id='word_1_228' title='bbox 2262 4582 2314 4636; x_wconf 82' lang='lat'>5.</span> <span class='ocrx_word' id='word_1_229' title='bbox 2348 4581 2449 4649; x_wconf 85' lang='lat'>83;</span> <span class='ocrx_word' id='word_1_230' title='bbox 2483 4581 2534 4636; x_wconf 90' lang='grc'>6.</span> <span class='ocrx_word' id='word_1_231' title='bbox 2562 4580 2659 4647; x_wconf 84' lang='grc'>21;</span> <span class='ocrx_word' id='word_1_232' title='bbox 2680 4578 2780 4635; x_wconf 87' lang='lat' dir='ltr'>IV.</span> <span class='ocrx_word' id='word_1_233' title='bbox 2809 4578 3011 4644; x_wconf 86' lang='lat'>1.139;</span> 
     </span>
     <span class='ocr_line' id='line_1_37' title="bbox 468 4664 3021 4739; baseline -0.003 -13"><span class='ocrx_word' id='word_1_234' title='bbox 468 4670 631 4727; x_wconf 82' lang='lat' dir='ltr'>Ovid.</span> <span class='ocrx_word' id='word_1_235' title='bbox 686 4671 866 4727; x_wconf 83' lang='lat' dir='ltr'>Fasti.</span> <span class='ocrx_word' id='word_1_236' title='bbox 902 4672 980 4727; x_wconf 91' lang='lat' dir='ltr'>II.</span> <span class='ocrx_word' id='word_1_237' title='bbox 1014 4671 1145 4739; x_wconf 77' lang='lat'>6453</span> <span class='ocrx_word' id='word_1_238' title='bbox 1182 4669 1286 4725; x_wconf 90' lang='lat' dir='ltr'>IV.</span> <span class='ocrx_word' id='word_1_239' title='bbox 1323 4670 1440 4738; x_wconf 88' lang='grc'><strong>168,</strong></span> <span class='ocrx_word' id='word_1_240' title='bbox 1476 4669 1598 4738; x_wconf 84' lang='grc'><strong>407,</strong></span> <span class='ocrx_word' id='word_1_241' title='bbox 1630 4669 1732 4724; x_wconf 85' lang='lat'>931</span> <span class='ocrx_word' id='word_1_242' title='bbox 1745 4685 1762 4739; x_wconf 86' lang='lat'>;</span> <span class='ocrx_word' id='word_1_243' title='bbox 1801 4668 1904 4725; x_wconf 89' lang='lat' dir='ltr'>VI.</span> <span class='ocrx_word' id='word_1_244' title='bbox 1937 4670 2068 4737; x_wconf 80' lang='lat'><strong>3133</strong></span> <span class='ocrx_word' id='word_1_245' title='bbox 2103 4669 2254 4725; x_wconf 83' lang='lat' dir='ltr'>Med.</span> <span class='ocrx_word' id='word_1_246' title='bbox 2291 4668 2426 4724; x_wconf 84' lang='lat' dir='ltr'>Fac.</span> <span class='ocrx_word' id='word_1_247' title='bbox 2460 4667 2529 4722; x_wconf 81' lang='lat'>53</span> <span class='ocrx_word' id='word_1_248' title='bbox 2592 4666 2832 4722; x_wconf 81' lang='lat' dir='ltr'>Metam.</span> <span class='ocrx_word' id='word_1_249' title='bbox 2888 4664 3021 4719; x_wconf 90' lang='lat' dir='ltr'>VII.</span> 
     </span>
     <span class='ocr_line' id='line_1_38' title="bbox 468 4756 1627 4828; baseline 0.001 -16"><span class='ocrx_word' id='word_1_250' title='bbox 468 4758 595 4825; x_wconf 78' lang='lat'>4193</span> <span class='ocrx_word' id='word_1_251' title='bbox 635 4757 768 4813; x_wconf 88' lang='lat' dir='ltr'>XV.</span> <span class='ocrx_word' id='word_1_252' title='bbox 805 4759 926 4828; x_wconf 78' lang='lat'><strong>203,</strong></span> <span class='ocrx_word' id='word_1_253' title='bbox 961 4757 1066 4813; x_wconf 85' lang='lat'>373</span> <span class='ocrx_word' id='word_1_254' title='bbox 1078 4774 1094 4826; x_wconf 77' lang='lat'><em>3</em></span> <span class='ocrx_word' id='word_1_255' title='bbox 1130 4758 1301 4813; x_wconf 87' lang='lat' dir='ltr'>Rem.</span> <span class='ocrx_word' id='word_1_256' title='bbox 1334 4759 1471 4812; x_wconf 87' lang='lat' dir='ltr'>Am.</span> <span class='ocrx_word' id='word_1_257' title='bbox 1510 4756 1627 4813; x_wconf 87' lang='lat'>189.</span> 
     </span>
    </p>

    <p class='ocr_par' dir='ltr' id='par_1_21' title="bbox 523 4843 1470 4916">
     <span class='ocr_line' id='line_1_39' title="bbox 523 4843 1470 4916; baseline -0.003 -14"><span class='ocrx_word' id='word_1_258' title='bbox 523 4846 576 4916; x_wconf 52' lang='grc' dir='ltr'>Ψ)</span> <span class='ocrx_word' id='word_1_259' title='bbox 616 4844 756 4901; x_wconf 84' lang='lat' dir='ltr'>Sen.</span> <span class='ocrx_word' id='word_1_260' title='bbox 792 4845 876 4902; x_wconf 91' lang='lat' dir='ltr'>De</span> <span class='ocrx_word' id='word_1_261' title='bbox 912 4844 1114 4901; x_wconf 86' lang='lat' dir='ltr'>Benef.</span> <span class='ocrx_word' id='word_1_262' title='bbox 1148 4844 1257 4900; x_wconf 89' lang='lat' dir='ltr'>VI.</span> <span class='ocrx_word' id='word_1_263' title='bbox 1291 4843 1379 4899; x_wconf 85' lang='lat'>38.</span> <span class='ocrx_word' id='word_1_264' title='bbox 1416 4844 1470 4899; x_wconf 88' lang='grc'>2.</span> 
     </span>
    </p>
   </div>
  </div>
 </body>
</html>
