3770 5738
1900 467 2025 531 104

671 667 1015 743 quantum
1062 666 1134 729 in
1181 665 1402 729 aciem
1448 666 1727 730 exituro
1775 666 1953 730 satis
1984 669 2096 730 est
2126 667 2428 748 amplius
2452 684 2647 731 arma
2670 665 3118 732 desiderat?’'
3146 663 3217 744 ¹).

672 782 1029 847 Vocabula
1079 786 1152 847 et
1198 784 1387 848 dicta
1437 784 1899 864 agricolarum
1955 785 2367 849 laudantur:
2422 835 2479 869 „.
2509 835 2524 849 .
2554 836 2569 849 .
2597 786 2998 850 velamenta
3044 804 3219 866 quae

670 900 1019 966 folliculos
1100 902 1445 981 agricolae
1532 903 1836 967 vocant'’
1865 899 1936 978 ²).
2019 903 2258 986 „Modo
2329 905 2450 987 sic,
2528 904 2732 968 modo
2799 905 2921 981 sic,
2993 904 3222 984 inquit

672 1021 1001 1102 rusticus,
1045 1021 1321 1085 varium
1368 1038 1621 1102 porcus
1645 1022 2091 1103 perdiderat”
2121 1017 2194 1098 3).
2243 1022 2483 1103 Aeque
2508 1040 2588 1086 ac
2613 1023 2795 1103 apud
2823 1022 3220 1086 Ciceronem

672 1139 856 1220 apud
895 1138 1231 1204 Senecam
1272 1155 1546 1219 quoque
1580 1140 1924 1221 exempla,
1952 1141 2205 1220 quibus
2228 1140 2290 1204 is
2313 1157 2515 1206 suam
2539 1142 3219 1221 argumentationem

672 1257 1004 1339 illustret,
1076 1273 1164 1321 ex
1231 1257 1695 1338 agricolarum
1753 1261 1908 1323 arte
1954 1261 2354 1323 sumuntur.
2413 1258 2645 1342 „Quod
2693 1259 2993 1323 interest
3041 1260 3223 1323 inter

672 1378 1058 1440 metentem
1124 1375 1499 1456 agricolam
1569 1380 1641 1441 et
1711 1381 2086 1459 serentem,
2133 1379 2264 1443 hoo
2309 1377 2493 1441 inter
2547 1394 2708 1441 eum
2755 1378 2873 1457 qui
2919 1377 3221 1441 amicum

671 1493 951 1576 paravit
988 1496 1062 1557 et
1109 1493 1228 1573 qui
1273 1493 1521 1574 parat”
1550 1489 1620 1570 ⁴).
1688 1531 1743 1539 --
1815 1494 2222 1579 „Agricolas
2268 1496 2485 1560 bonos
2535 1496 2932 1559 imitabitur
2968 1501 3089 1571 (sc.
3114 1495 3225 1559 vir

671 1613 978 1694 sapiens)
1027 1612 1144 1692 qui
1190 1628 1329 1676 non
1379 1614 1662 1677 tantum
1710 1616 1939 1678 rectas
1987 1630 2448 1695 procerasque
2496 1613 2775 1677 arbores
2813 1613 3075 1696 colunt,
3100 1613 3220 1677 sed

670 1732 812 1796 lilis
880 1747 1173 1812 quoque,
1247 1747 1421 1810 quas
1466 1732 1702 1812 aliqua
1749 1732 2165 1813 depravavit
2212 1749 2443 1812 causa,
2500 1731 2924 1796 adminicula
2969 1731 3222 1812 quibus

675 1852 1069 1934 dirigantur
1116 1851 1517 1934 adplicant'’
1547 1847 1617 1928 ⁵).
1656 1888 1719 1897 —
1786 1901 1816 1935 „
1851 1901 1865 1915 .
1895 1901 1908 1914 .
1942 1901 1955 1914 .
1985 1901 1998 1914 .
2034 1854 2395 1931 tamquam
2442 1851 2667 1914 bonus
2712 1850 3013 1930 agricola
3060 1867 3224 1914 cura

673 1971 1007 2052 cultuque
1055 1971 1510 2036 sterilitatem
1559 1970 1689 2034 soli
1735 1967 2061 2034 vincam'’
2087 1964 2140 2052 ⁶)
2169 1968 2237 2045 ⁷).

764 2086 991 2154 Semel
1042 2090 1126 2154 de
1172 2107 1298 2154 suo
1347 2089 1588 2154 colono
1635 2089 1948 2169 loquitur
1995 2087 2293 2152 Seneca:
2349 2086 2542 2170 „Non
2582 2087 2797 2152 habet
2828 2086 2923 2163 (in
2950 2085 3223 2151 Albano

675 2213 854 2284 meo)
901 2225 1153 2289 panem
1204 2225 1404 2272 meus
1452 2208 1697 2288 pictor,
1738 2206 1859 2270 sed
1901 2207 2114 2271 habet
2154 2206 2456 2287 villicUS‚
2492 2205 2612 2269 sed
2639 2206 2852 2270 habet
2876 2206 3224 2285 atriensiS‚

674 2326 795 2390 sed
868 2326 1081 2391 habet
1152 2325 1482 2390 colonus”
1511 2321 1585 2408 ⁸).
1683 2325 1974 2389 Praedia
2043 2341 2173 2389 sua
2242 2324 2468 2388 locare
2517 2328 2664 2387 tam
2714 2323 3003 2389 solitum
3050 2326 3224 2402 erat,

675 2446 758 2508 ut
832 2444 900 2508 id
972 2462 1216 2509 rursus
1283 2447 1642 2525 tamquam
1712 2443 2110 2524 exemplum
2182 2442 2451 2507 laudari
2521 2445 2778 2522 posset.
2871 2441 3227 2526 „Conduxi

679 2563 962 2629 domum
1006 2579 1049 2627 a
1096 2564 1189 2627 te.
1253 2562 1333 2627 In
1386 2564 1517 2627 hac
1565 2561 1828 2642 aliquid
1879 2565 2083 2626 tuum
2132 2563 2261 2640 est,
2310 2560 2571 2641 aliquid
2622 2576 2892 2638 meum3
2942 2576 3055 2624 res
3101 2568 3227 2624 tua

679 2682 809 2761 est,
860 2698 1031 2745 usus
1077 2681 1179 2745 rei
1227 2683 1392 2746 tuae
1435 2697 1636 2744 meus
1682 2681 1814 2745 est.
1884 2679 2132 2760 Itaque
2188 2696 2314 2744 nec
2360 2678 2636 2742 fructus
2688 2681 2936 2758 tanges
2983 2677 3223 2743 colono

677 2802 801 2863 tuo
872 2799 1305 2882 prohibente,
1377 2795 1701 2880 quamvis
1770 2801 1897 2862 tua
1967 2798 2038 2861 in
2115 2796 2552 2878 possessione
2621 2798 3002 2860 nascantur
3048 2798 3120 2860 et
3165 2796 3226 2859 si

676 2934 953 2982 annona
1025 2917 1246 2982 carior
1308 2917 1523 2981 fuerit
1590 2920 1718 2982 aut
1785 2915 2050 2982 fames'’
2080 2912 2151 2993 ⁹).
2227 2916 2417 2980 Alibi
2486 2916 2816 2997 legimus:
2887 2915 3227 3000 „Paterno

677 3052 841 3116 agro
889 3038 962 3100 et
1006 3037 1222 3117 avito,
1271 3036 1522 3117 inquit,
1547 3035 1876 3117 expellor.
1922 3035 2340 3117 Quid?ante
2364 3051 2577 3099 avum
2603 3037 2806 3098 tuum
2831 3034 2987 3114 quis
3010 3034 3227 3098 istum

677 3170 923 3234 agrum
998 3154 1283 3219 tenuit?
1362 3153 1599 3235 Cujus,
1671 3172 1807 3219 non
1877 3155 2032 3218 dico
2101 3153 2426 3234 hominm,
2497 3153 2617 3217 sed
2692 3152 2927 3233 populi
2993 3152 3226 3231 fuerit,

680 3272 1007 3353 expedire
1054 3274 1309 3353 potes?
1358 3272 1508 3337 Non
1560 3272 1882 3337 dominus
1911 3262 2090 3352 'ist0‚
2140 3272 2259 3336 sed
2309 3270 2597 3337 colonus
2645 3271 2952 3336 intrasti.
3017 3269 3229 3349 Cujus

749 3518 790 3584 ι)
830 3518 967 3573 Sen.
1002 3517 1190 3587 Epist.
1227 3518 1346 3573 109.
1385 3518 1436 3573 7.
1706 3549 1710 3552 >

748 3607 790 3670 ²)
828 3605 963 3660 Sen.
1002 3604 1086 3661 De
1123 3607 1322 3661 natur.
1359 3608 1590 3673 quaest.
1634 3606 1697 3660 V.
1737 3605 1820 3661 18.
1856 3606 1908 3662 2.

748 3692 784 3754 ⁸)
826 3693 1161 3748 Petronius.
1212 3692 1334 3748 Sat.
1372 3695 1454 3748 45.
1496 3694 1543 3747 1.
1581 3693 1653 3748 cf.
1688 3694 1781 3748 47.
1817 3693 1901 3761 10,
1942 3694 2041 3748 ubi
2081 3692 2438 3748 Trimalchio
2475 3695 2538 3747 et
2574 3692 2691 3748 alia
2719 3692 2912 3760 jactat
2947 3694 3005 3747 et
3046 3692 3228 3746 haec:

679 3780 953 3850 „Gallum
989 3780 1152 3835 enim
1190 3780 1604 3849 gallinaceum,
1644 3780 2035 3848 penthiacum
2070 3782 2132 3834 et
2170 3779 2464 3847 ejusmodi
2502 3780 2712 3835 nenias
2738 3779 2948 3834 rustici
2973 3778 3230 3833 faciunt:

677 3868 794 3924 mei
832 3868 954 3923 coci
992 3867 1179 3922 etiam
1218 3866 1442 3921 vitulos
1478 3881 1628 3922 aeno
1667 3869 1868 3922 coctos
1905 3867 2107 3922 solent
2142 3865 2390 3921 facere.’'

744 3955 787 4021 4)
824 3954 961 4011 Sen.
997 3955 1184 4024 Epist.
1217 3955 1269 4009 9.
1305 3958 1355 4010 5.

747 4043 787 4107 ⁸)
824 4042 963 4098 Sen.
999 4042 1082 4097 De
1121 4042 1292 4098 clem.
1330 4041 1411 4096 ΙΙ.
1447 4042 1497 4096 7.
1533 4043 1585 4096 5.

747 4131 789 4193 ⁶)
828 4130 970 4185 Sen.
1007 4129 1091 4185 De
1128 4129 1320 4185 benef.
1360 4129 1498 4184 VII.
1532 4129 1618 4183 32.

749 4216 790 4282 ⁷)
828 4216 897 4272 cf.
952 4217 1167 4272 etiam:
1228 4215 1312 4271 De
1361 4215 1551 4271 benef.
1606 4215 1682 4270 11.
1723 4216 1806 4270 11.
1841 4218 1892 4270 4.
1931 4216 2150 4271 Perdet
2182 4216 2441 4285 agricola
2476 4216 2633 4285 quod
2672 4216 2892 4285 sparsit
2925 4216 3033 4271 sila
3056 4216 3227 4271 bores

673 4319 815 4359 suos
846 4304 1142 4359 destituet
1173 4304 1238 4358 in
1275 4304 1505 4358 semine
1532 4347 1542 4357 .
1565 4344 1577 4358 .
1602 4344 1649 4357 ..
1685 4303 1894 4358 eadem
1932 4304 2359 4358 beneficiorum
2397 4304 2665 4358 condicio
2702 4305 2814 4358 est.
2855 4333 2907 4341 —
2951 4303 3090 4357 ibid.
3126 4302 3232 4357 IV.

675 4392 758 4447 10.
814 4392 866 4446 2.
903 4391 1131 4460 Dicitis,
1168 4390 1385 4459 inquit,
1425 4390 1742 4459 diligenter
1775 4390 2082 4459 eligendos
2119 4391 2338 4459 quibus
2375 4391 2665 4445 beneficia
2699 4391 2929 4448 demus
2969 4390 3111 4459 quia
3148 4404 3224 4444 ne

673 4478 964 4547 agricolae
1001 4478 1243 4546 quidem
1287 4478 1521 4533 semina
1555 4478 1754 4533 arenis
1791 4477 2195 4533 committant.
2241 4509 2292 4517 —
2336 4477 2407 4532 cf.
2443 4478 2583 4532 ibid.
2619 4476 2721 4532 IV.
2743 4477 2829 4532 37.
2849 4477 2898 4532 3.
2918 4477 3223 4547 Expulsus

672 4565 843 4621 bonis
888 4565 1017 4619 suis
1072 4580 1191 4620 non
1250 4565 1321 4620 ut
1371 4566 1637 4620 rusticus
1685 4565 1972 4633 injuriam
2009 4565 2234 4621 tacitus
2270 4564 2411 4620 tulit
2448 4567 2774 4621 contentus
2811 4565 2968 4633 quod
3007 4578 3126 4620 non
3163 4565 3226 4619 et

674 4653 801 4721 ipse
839 4652 1104 4707 donatus
1141 4653 1337 4707 esset.
1360 4693 1445 4707 ...

743 4739 783 4805 ⁸)
821 4738 958 4794 Sen.
997 4739 1185 4807 Epist.
1224 4738 1343 4794 123.
1381 4739 1430 4793 1.

744 4827 785 4895 ⁹)
826 4826 962 4882 Son.
1001 4826 1085 4882 De
1122 4826 1311 4882 benef.
1348 4825 1482 4882 VII.
1518 4827 1569 4881 5.
1605 4826 1638 4879 2
1650 4841 1667 4894 ;
1704 4824 1776 4882 cf.
1811 4824 1916 4880 VI.
1950 4826 2002 4881 4.
2037 4825 2087 4881 3.
