3770 5738
1646 490 1770 554 127

439 688 902 770 protulerunt,
972 688 1473 769 praenuntium
1544 686 1760 752 fuisse
1822 677 2308 770 emphyteusis
2371 689 2792 769 posterioris,
2846 688 2998 772 „Sie

440 807 711 871 ist....
783 808 908 871 das
974 807 1230 872 alteste
1278 807 1600 888 Zeugnis,
1651 824 1858 871 wenn
1906 808 2085 871 auch
2137 808 2333 871 nicht
2382 807 2495 872 fiir
2549 808 2658 872 die
2706 808 2997 890 Emphy·

437 929 658 1007 teuse,
731 942 808 990 so
859 926 1032 990 doch
1103 926 1214 989 fiir
1269 925 1393 990 das
1441 923 2132 1006 Occupationsrecht,
2180 942 2310 989 aus
2360 927 2516 990 dem
2563 926 2711 990 sich
2759 926 2867 990 die
2922 926 2998 989 E.

439 1043 850 1108 entwickelt
921 1042 1088 1108 hat''
1119 1039 1187 1119 1).
1262 1043 1700 1124 Investigare
1770 1046 2120 1123 quatenus
2193 1045 2320 1108 hoc
2382 1047 2573 1109 recte
2622 1062 2695 1108 se
2744 1045 3002 1108 habeat

439 1162 524 1226 ad
600 1165 919 1226 nostrum
975 1162 1414 1243 propositum
1461 1178 1541 1225 eo
1601 1161 1888 1242 majoris
1935 1163 2274 1227 momenti
2322 1165 2454 1244 est,
2505 1163 2835 1243 quoniam
2881 1161 3000 1225 alii

440 1280 652 1344 etiam
723 1280 1139 1345 locationem
1198 1282 1609 1360 perpetuam
1659 1280 1885 1360 ipsam
1934 1280 2532 1345 existimaverunt
2578 1280 2795 1344 fuisse
2823 1298 2999 1344 com·

440 1399 904 1462 mutationem
954 1415 1129 1479 quae
1179 1415 1430 1462 versus
1480 1398 2006 1462 adhaerentiam
2050 1398 2395 1463 tenderet.
2439 1398 2747 1463 Credidit
2787 1397 2999 1462 WAL-

441 1534 566 1580 Lon
639 1516 850 1596 huJus
913 1516 1011 1580 rei
1060 1516 1654 1581 constructionem
1701 1516 2074 1596 Juridicam
2127 1516 2276 1581 fieri
2323 1533 2558 1597 posse:
2610 1516 3000 1597 respublica

440 1635 626 1699 enim
688 1634 1050 1714 prohibere
1122 1636 1401 1714 poterat
1465 1634 1840 1714 quominus
1912 1634 2374 1716 emphyteuta
2420 1636 2648 1699 abiret
2693 1636 2998 1715 allegata

443 1753 514 1816 L.
566 1753 626 1817 5.
679 1753 748 1818 C.
798 1753 860 1817 J.
908 1753 1028 1817 IV.
1087 1755 1186 1818 10.
1267 1752 1504 1837 „Sicut
1575 1754 1773 1818 initio
1822 1753 2040 1818 libera
2098 1756 2417 1835 potestas
2465 1754 2840 1834 unicuique
2890 1756 3001 1817 est

443 1871 739 1936 habendi
805 1871 916 1935 vel
964 1889 1101 1936 non
1153 1872 1452 1936 habendi
1501 1874 1932 1954 contractus,
1983 1872 2085 1935 ita
2131 1872 2538 1937 renuntiare
2585 1871 2799 1936 semel
2850 1889 3001 1936 con·

440 1991 738 2054 stitutae
810 1989 1237 2072 obligationi,
1264 1990 1667 2054 adversario
1694 2008 1829 2055 non
1857 1991 2366 2072 consentiente,
2392 2007 2594 2055 nemo
2621 1989 2900 2070 potest”
2928 1986 3001 2065 2).

533 2108 790 2173 Contra
858 2110 1028 2173 haec
1098 2109 1613 2173 observandum
1686 2112 1818 2190 est,
1897 2125 2320 2188 quamquam
2386 2111 2761 2190 occupator
2807 2108 3002 2172 rudis

442 2226 587 2306 agri
656 2235 729 2290 et
778 2227 1241 2308 emphyteuta
1303 2226 1641 2306 sequioris
1688 2227 1950 2290 aetatis
1999 2244 2322 2308 magnam
2369 2227 2632 2291 habent
2683 2226 3001 2291 similitu·

444 2344 674 2408 dinem
714 2344 1110 2426 juridicam,
1159 2347 1396 2409 tamen
1450 2345 1632 2409 inter
1680 2361 1798 2409 eos
1845 2362 2057 2424 grave
2084 2345 2456 2409 discrimen
2484 2345 3000 2410 oeconomicum

446 2466 708 2526 extare.
782 2461 1184 2526 Similitudo
1234 2479 1306 2526 re
1357 2479 1523 2526 vera
1574 2462 1868 2542 insignis
1916 2465 2049 2526 est.
2099 2462 2251 2527 Duo
2298 2466 2469 2527 sunt
2515 2462 3000 2545 emphyteusis

449 2580 749 2644 maxime
798 2580 1206 2660 peculiaria:
1256 2581 1375 2660 qui
1419 2581 1756 2645 conduxit
1804 2581 2154 2661 obligatus
2204 2584 2314 2645 est
2363 2584 2443 2645 ut
2490 2598 2736 2660 agrum
2776 2581 3002 2645 melio-

449 2715 591 2762 rem
664 2698 943 2779 reddat;
1020 2702 1093 2763 et
1132 2698 1387 2763 locatio
1436 2703 1776 2779 perpetua
1825 2701 1937 2763 est
1984 2702 2196 2779 atque
2244 2699 2330 2764 ad
2379 2699 2671 2764 heredes
2720 2699 3000 2764 transit.

447 2815 524 2880 In
580 2816 1036 2897 inscriptione
1083 2805 1241 2898 pagi
1287 2816 1597 2907 Henchir
1650 2816 1944 2882 Mettich
1991 2818 2295 2899 primum
2343 2817 2514 2882 illud
2556 2834 2693 2882 non
2720 2817 3004 2882 disertis

448 2936 679 2999 verbis
749 2936 1199 3017 enuntiatur3
1249 2936 1369 3000 sed
1420 2935 1535 3000 lex
1583 2920 1948 3000 Manciana
1994 2937 2118 3019 eiS,
2160 2937 2279 3016 qui
2327 2939 2595 3001 terram
2643 2937 3002 3001 meliorem

447 3053 768 3148 reddunt,
854 3054 1096 3118 eadem
1180 3054 1560 3134 singularia
1649 3054 2129 3119 emolumenta
2212 3055 2486 3136 tribuit,
2566 3071 2745 3134 quae
2794 3055 3007 3119 solita

448 3171 755 3251 praemia
801 3174 971 3235 sunt
1017 3172 1553 3252 emphyteutae;
1605 3174 1681 3236 ut
1728 3172 1848 3251 qui
1896 3189 2118 3236 novos
2169 3172 2342 3236 ficus
2390 3172 2565 3236 serit
2613 3175 2740 3236 aut
2783 3190 3004 3237 novas

452 3290 691 3354 vineas
731 3307 851 3369 per
888 3291 1194 3371 quinque
1219 3292 1596 3370 sequentes
1621 3278 1842 3354 annos
1869 3291 2119 3379 horum
2145 3290 2494 3356 fructibus
2521 3292 2782 3356 fruitur
2806 3290 3002 3355 nulla

451 3406 864 3472 deductione
932 3407 1121 3472 facta
1145 3402 1217 3490 ³),
1282 3424 1457 3488 quae
1505 3408 1745 3488 regula
1798 3408 2013 3472 etiam
2064 3412 2492 3474 memoratur
2542 3410 2610 3473 in
2661 3409 3002 3489 inscripti·

449 3543 575 3590 one
648 3526 1035 3608 Thisbensi,
1106 3526 1175 3590 in
1248 3543 1384 3607 qua
1452 3526 2026 3606 antiquissimum
2075 3529 2557 3619 emphyteusis
2606 3528 3005 3608 exemplum

451 3644 517 3707 in
598 3643 890 3709 Graecia
951 3636 1149 3709 nobis
1211 3647 1323 3709 est
1370 3644 1714 3709 traditum
1741 3640 1812 3720 ¹⁵).
1866 3645 2192 3710 Alterum
2233 3646 2428 3728 illud,
2473 3646 2725 3711 locatio
2773 3663 3004 3727 perpe·

453 3770 595 3844 tua,
637 3765 718 3827 ut
750 3762 899 3843 jam
939 3763 1107 3845 dixi,
1143 3763 1212 3826 in
1237 3762 1435 3827 nulla
1452 3763 1602 3843 lege
1627 3764 1877 3843 saltuS,
1905 3780 2081 3844 quae
2107 3767 2391 3828 servata
2417 3767 2550 3847 est,
2578 3765 2747 3845 ipsis
2773 3764 3005 3829 verbis

452 3885 1053 3960 commemoratur,
1131 3882 1252 3946 sed
1329 3882 1492 3962 quin
1569 3899 1643 3946 re
1709 3899 1876 3946 vera
1945 3881 2156 3947 solita
2225 3884 2438 3947 fuerit
2509 3884 2629 3947 vix
2700 3882 3005 3947 dubitari

455 4003 705 4082 potest,
776 4002 993 4079 atque
1057 4016 1212 4064 eam
1259 4000 1345 4064 ad
1397 4000 1651 4064 liberos
1697 4001 2001 4064 transire
2050 4001 2364 4081 potuisse
2411 4001 2668 4065 saltem
2713 3996 3006 4081 apparet

454 4134 539 4181 ex
586 4118 705 4182 illo
753 4118 911 4198 jure
958 4117 1195 4182 heredi
1237 4117 1691 4197 relinquendi.
1742 4117 1978 4182 Tertia
2025 4118 2240 4182 etiam
2280 4135 2412 4198 res,
2463 4118 2530 4181 in
2582 4135 2721 4197 qua
2761 4134 2887 4182 con
2906 4134 3007 4181 »re-

453 4236 678 4318 niunt,
749 4253 831 4300 ea
899 4241 1032 4317 est,
1107 4236 1287 4316 quod
1350 4241 1423 4301 et
1492 4236 1981 4317 emphyteusis
2051 4240 2125 4300 et
2192 4236 2556 4317 occupatio
2627 4236 2820 4300 rudis
2858 4236 3005 4316 agri

522 4411 559 4481 ¹)
596 4411 943 4480 Scrmvrnn,
999 4411 1124 4465 Lex
1179 4410 1365 4466 Mane.
1420 4426 1474 4480 p.
1529 4410 1623 4479 39;
1679 4410 1748 4466 cf.
1807 4410 1948 4479 Cuo,
2002 4411 2083 4466 Le
2138 4411 2246 4466 col.
2299 4413 2450 4479 part.
2508 4424 2562 4478 p.
2614 4411 2699 4466 27.
2756 4411 2839 4481 „11
2877 4411 3006 4466 faut

454 4498 775 4553 desormais
827 4512 1116 4553 renoncer
1173 4498 1208 4553 a
1261 4499 1545 4568 l’opinion
1588 4500 1877 4554 courante
1915 4498 2019 4566 qui
2058 4499 2185 4554 voit
2221 4499 2372 4553 dans
2408 4498 2842 4567 l‘emphyteose
2883 4512 3003 4553 une

455 4585 809 4641 institution
846 4586 926 4639 du
965 4586 1070 4640 bas
1108 4586 1383 4654 empire.”

523 4675 563 4741 ’)
599 4672 899 4741 WAmmc,
936 4672 1205 4729 Histoire
1242 4673 1315 4727 de
1352 4672 1729 4740 l’Esclavage.
1769 4672 1877 4728 ΠΙ.
1915 4688 1971 4742 p.
2009 4673 2131 4728 265.

526 4760 566 4819 ⁸)
602 4760 680 4816 Π.
714 4760 966 4816 24-111.
1003 4761 1088 4816 10.

523 4848 566 4913 ⁴)
606 4848 740 4918 Hm,
780 4848 886 4903 Die
923 4848 1233 4904 Domanen
1270 4848 1375 4903 der
1410 4848 1751 4904 romischen
1786 4848 2143 4905 Kaiserzeit.
2179 4862 2234 4917 p.
2251 4848 2338 4903 98.
2354 4862 2401 4902 s,
2418 4862 2473 4916 q.
2494 4862 2548 4916 q.
2577 4877 2639 4923 ‘1
2658 4847 3009 4918 Sonumrm,
