3770 5738
1722 501 1848 570 105

486 701 768 766 colonus
823 701 948 765 es?
999 700 1054 765 si
1084 701 1259 765 bene
1285 702 1523 765 tecum
1546 700 1781 779 agitur
1807 699 2128 764 heredis'’
2158 696 2226 776 1).
2278 677 2448 764 I'nde
2475 700 2659 781 loqui
2688 701 2923 781 potuit
2947 701 3031 766 de

484 819 762 884 milibus
810 819 1315 894 laboriosorum
1364 818 1804 883 colonorum:
1863 819 2206 902 „Adspice
2255 821 2413 899 quot
2435 820 2628 883 milia
2652 820 3037 884 colonorum

483 939 701 1016 arent,
773 938 1044 1002 fodiant
1071 934 1141 1018 ²).
1214 936 1286 1001 Si
1363 939 1597 1001 tecum
1668 938 1957 1017 reputas
2006 938 2183 1001 hanc
2230 936 2818 1004 exclamationem
2866 937 3038 1018 ejus-

485 1057 636 1121 dem
705 1073 859 1121 esse
932 1073 973 1120 a
1043 1073 1177 1136 quo
1249 1055 1467 1119 etiam
1531 1055 2026 1120 celeberrimae
2092 1055 2254 1119 illae
2303 1072 2510 1120 voces
2561 1055 2643 1120 de
2691 1058 3036 1120 terrarum

483 1175 662 1239 fame
710 1190 1061 1254 nusquam
1109 1173 1392 1254 expleta
1428 1176 1599 1237 sunt
1638 1173 1974 1238 oriundae
2003 1168 2072 1252 3),
2101 1174 2304 1238 facile
2342 1177 2635 1255 apparet
2663 1173 3038 1238 latifundia

481 1292 878 1357 colonorum
952 1292 1303 1356 culturam
1354 1291 1639 1355 minime
1692 1291 2073 1372 expulisse.
2137 1328 2198 1336 —
2263 1292 2364 1356 Ex
2415 1291 2657 1356 eodem
2705 1294 3039 1372 tempore,

482 1412 611 1475 sub
682 1410 980 1476 Neronis
1051 1409 1363 1491 imperio,
1436 1412 1640 1474 extat
1687 1409 1998 1474 narratio
2048 1410 2132 1474 de
2180 1410 2419 1491 Basso,
2468 1410 2693 1475 stulto
2741 1410 3039 1489 quodam

483 1530 650 1611 vir0,
726 1529 846 1608 qui
921 1531 1249 1593 monente
1321 1529 1592 1593 somnio
1643 1529 1714 1592 in
1763 1529 1952 1609 agris
2006 1528 2160 1609 ejus
2209 1529 2579 1609 pecuniam
2627 1528 2871 1607 latere,
2922 1528 3039 1593 diu

482 1648 809 1727 fodiebat,
856 1663 898 1710 a
944 1646 1291 1710 militibus
1343 1649 1416 1710 et
1463 1664 1505 1710 a
1558 1647 1767 1710 turba
1812 1647 2200 1726 agrestium
2247 1645 2535 1726 adjutus
2561 1641 2631 1722 ⁴).
2696 1684 2757 1691 —

572 1764 906 1846 Aequalis
981 1766 1134 1829 erat
1204 1764 1527 1847 Senecae,
1600 1763 2055 1829 Columellam
2119 1763 2294 1847 dicO,
2344 1764 2462 1845 qui
2510 1765 2738 1829 denuo
2784 1765 3041 1830 librum

483 1885 566 1949 de
636 1884 1067 1964 agricultura
1137 1884 1575 1965 conscripsit.
1675 1883 2017 1964 Hispania
2085 1885 2240 1947 erat
2315 1886 2534 1965 ortus,
2606 1883 2725 1948 sed
2809 1883 3041 1967 „seine

485 2001 1062 2066 wistschaftliche
1156 2000 1732 2065 Schriftstellerei
1818 2002 1944 2065 hat
2014 2001 2085 2065 in
2155 2003 2381 2066 erster
2448 2001 2646 2065 Linie
2718 2001 3042 2066 italische

485 2119 973 2185 Verbaltnisse
1048 2137 1172 2183 zur
1250 2119 1859 2200 Voraussetzung;
1931 2118 2182 2185 Italien
2254 2120 2352 2184 ist
2420 2120 2566 2184 ihm
2637 2120 2763 2184 das
2833 2120 3042 2184 dank-

486 2240 720 2304 barste
789 2237 979 2302 Land
1037 2237 1148 2301 fiir
1191 2238 1301 2302 die
1350 2234 1992 2302 Landwirtschaft’'
2022 2233 2097 2320 5).
2192 2238 2270 2302 Ei
2319 2238 2756 2319 propositum
2803 2240 2914 2303 est
2962 2242 3043 2303 ut

485 2357 1082 2422 existimationem
1152 2355 1624 2436 agriculturae
1695 2356 1900 2421 valde
1971 2357 2391 2421 diminutam
2460 2357 2721 2442 (‚,nunc
2791 2360 2865 2422 et
2911 2358 3044 2438 ipsi

486 2475 765 2557 praedia
833 2477 1077 2539 nostra
1125 2475 1349 2538 colere
1397 2474 1854 2554 dedignamur
1902 2477 1976 2539 et
2023 2474 2288 2539 nullius
2336 2475 2673 2540 momenti
2725 2476 3044 2540 ducimus

484 2593 993 2674 peritissimum
1040 2609 1383 2672 quemque
1433 2592 1747 2657 villicum
1773 2593 2046 2657 facere''
2074 2591 2170 2674 6))
2217 2599 2491 2673 augeat.
2544 2594 2798 2658 Totum
2826 2611 3041 2658 unum

485 2714 695 2793 caput
765 2711 875 2776 sui
944 2710 1102 2774 libri
1160 2711 1456 2775 insumit
1511 2711 1581 2774 in
1632 2710 2089 2775 describenda
2136 2729 2391 2791 genera
2437 2712 2821 2793 hominum,
2871 2729 3044 2792 quos

484 2831 566 2896 ad
659 2847 835 2912 opus
925 2829 1274 2895 rusticum
1320 2829 1650 2895 adhibere
1721 2802 2064 2913 oporteat,
2117 2831 2321 2912 quod,
2373 2830 2703 2911 quoniam
2753 2830 3043 2895 maximi

486 2948 820 3014 momenti
860 2951 971 3013 est
1021 2948 1107 3012 ad
1158 2951 1474 3013 nostram
1522 2949 2070 3032 inquisitionem,
2121 2949 2408 3030 dignum
2453 2952 2565 3014 est
2611 2950 2792 3030 quod
2818 2951 3047 3014 totum

485 3068 625 3132 fere
692 3067 1020 3132 laudetur
1047 3063 1119 3149 ⁷).
1174 3116 1233 3151 „.
1262 3116 1322 3132 ..
1373 3066 1757 3149 Praecipua
1804 3084 1970 3131 cura
2011 3067 2274 3132 domini
2317 3068 2718 3149 requiritur,
2767 3085 2928 3132 cum
2975 3068 3045 3132 in

554 3206 593 3275 ¹)
630 3208 767 3263 Seu.
804 3208 992 3277 Epist.
1026 3207 1115 3263 88.

553 3295 594 3360 Ξ)
630 3295 767 3350 Sen.
805 3294 993 3363 Epist.
1031 3296 1148 3349 114.
1188 3295 1275 3350 25.

555 3382 595 3445 ³)
634 3381 783 3437 Vide
819 3397 950 3451 pag.
987 3382 1073 3437 89.

552 3470 597 3536 ⁴)
638 3469 775 3525 Tac.
810 3472 970 3524 Ann.
1009 3468 1173 3524 XVI.
1208 3469 1259 3523 3.
1298 3468 1452 3524 Nam
1491 3469 1734 3528 Bassus,
1771 3467 1988 3523 effosso
2024 3483 2167 3537 agro
2204 3484 2315 3524 suo
2335 3468 2594 3537 latisque
2620 3470 2847 3525 circum
2869 3469 3047 3532 arvis,

491 3556 705 3612 dum..
730 3598 778 3613 ..
813 3558 1272 3626 sequunturque
1312 3571 1433 3610 non
1472 3557 1645 3611 modo
1684 3556 1925 3624 militae,
1960 3556 2064 3611 sed
2102 3557 2361 3626 populus
2380 3559 2712 3625 agrestium
2734 3556 3047 3612 efficiendo

488 3645 642 3712 operi
697 3644 1075 3713 adsumptuS,
1131 3644 1376 3699 tandem
1432 3644 1628 3712 posita
1682 3644 2097 3699 vecordia....
2134 3644 2423 3713 pudorem
2479 3645 2542 3700 et
2583 3646 2819 3699 metum
2856 3646 3047 3699 morte

491 3733 826 3788 voluntaria
861 3733 1088 3802 effugit.

554 3821 594 3889 ὅ)
632 3819 704 3874 Μ.
762 3820 1024 3883 Senum,
1085 3819 1449 3874 Geschichte
1485 3820 1589 3874 der
1627 3825 1776 3874 rom.
1816 3820 2118 3875 Literatur
2153 3820 2231 3875 II.
2268 3820 2317 3875 2.
2356 3835 2410 3888 p.
2447 3820 2565 3876 387.
2605 3820 2678 3875 cf.
2716 3820 3043 3886 Mommssn,

493 3906 745 3962 Hermes
776 3906 945 3962 XIX.
984 3922 1037 3975 p.
1072 3907 1176 3961 413
1213 3906 1348 3960 adn.
1389 3907 1436 3960 1.
1477 3906 1660 3975 „Dasz
1698 3905 2045 3976 Columella,
2082 3907 2319 3962 obwohl
2358 3907 2607 3975 Spanier
2645 3922 2761 3962 von
2800 3906 3045 3972 Geburt,

486 3995 777 4050 zunachst
837 3995 929 4050 die
985 3993 1346 4063 provinziale
1401 3993 1754 4049 Wirtschaft
1811 3995 1896 4049 im
1932 3997 2105 4063 Auge
2154 3995 2277 4060 hat,
2325 3994 2490 4050 kann
2529 4010 2646 4049 nur
2684 3995 3045 4062 behaupten,

487 4097 609 4138 wer
644 4083 748 4137 ihn
789 4083 957 4137 nicht
995 4082 1237 4151 gelesen
1274 4082 1409 4145 hat;
1447 4097 1511 4136 er
1550 4097 1674 4137 war
1710 4082 2019 4138 italischer
2054 4082 2468 4138 Gutsbesitzer
2506 4082 2579 4149 (3,
2613 4083 2666 4149 9,
2703 4083 2760 4149 2)
2797 4082 2922 4136 und
2941 4081 3049 4136 hat

488 4169 708 4225 iiberall
761 4174 833 4235 (e.
887 4184 942 4237 g.
1002 4169 1051 4236 3,
1105 4170 1157 4229 2,
1205 4169 1302 4223 20:
1342 4170 1402 4223 in
1443 4170 1553 4224 hac
1589 4170 1718 4238 ipsa
1755 4169 1952 4236 Italia)
1989 4170 2287 4225 zunachst
2320 4169 2595 4224 italische
2633 4168 3048 4224 Verhaltnisse

488 4257 611 4311 und
649 4257 740 4311 die
778 4256 1078 4312 Schriften
1117 4257 1221 4311 der
1256 4256 1486 4311 alteren
1524 4256 1845 4312 italischen
1883 4260 2273 4325 Agronomen
2309 4270 2415 4311 vor
2450 4256 2723 4325 Augen’'.

557 4345 599 4410 ⁶3
639 4343 862 4400 Colum.
900 4344 1090 4400 Praef.
1131 4344 1215 4399 12.

559 4430 599 4499 7)
636 4429 980 4487 Columella.
1036 4431 1082 4486 Ι.
1137 4432 1188 4486 7.
1243 4430 1313 4486 cf.
1367 4430 1573 4486 Varro.
1629 4432 1700 4486 de
1738 4445 1801 4486 re
1840 4432 1990 4486 rust.
2028 4432 2076 4486 Ι.
2114 4432 2195 4485 17.
2232 4432 2283 4485 2.
2342 4430 2566 4486 Omnes
2602 4432 2726 4499 agri
2764 4430 3050 4485 coluntur

487 4518 833 4572 hominibus
869 4518 1059 4574 servis
1096 4520 1207 4573 aut
1239 4518 1459 4586 liberiS,
1494 4519 1603 4574 aut
1643 4519 1950 4587 utrisque:
1987 4519 2206 4586 liberie,
2242 4520 2349 4574 aut
2384 4532 2523 4573 cum
2557 4518 2673 4587 ipsi
2713 4518 2935 4583 colunt,
2975 4519 3045 4572 ut

487 4604 750 4673 plerique
806 4605 1150 4675 pauperculi
1203 4620 1343 4661 cum
1391 4620 1504 4660 sua
1556 4606 1853 4674 progenie,
1891 4607 2000 4660 aut
2036 4606 2440 4674 mercenariis,
2478 4620 2616 4661 cum
2654 4604 3048 4660 conducticiis

486 4691 804 4747 liberorum
839 4693 1034 4761 operis
1070 4707 1166 4747 res
1201 4692 1475 4762 majoreS‚
1513 4694 1585 4747 ut
1622 4692 1956 4748 vindemias
2001 4708 2069 4748 ac
2096 4692 2404 4749 faenisicia
2422 4692 2870 4761 administrant,
2887 4692 3048 4761 iique

487 4793 635 4846 quos
663 4779 974 4834 obaeratos
1011 4780 1202 4835 nostri
1248 4780 1611 4849 vocitarunt,
1636 4781 1700 4835 et
1727 4780 1915 4835 etiam
1944 4794 2107 4836 nunc
2133 4781 2284 4836 sunt
2314 4781 2377 4835 in
2397 4780 2746 4848 Asiaatque
2768 4780 3047 4849 Aegypto

490 4867 553 4920 et
582 4865 647 4920 in
684 4865 922 4935 Illyrico
959 4866 1318 4935 complures.
