3770 5738
1633 499 1760 563 109

438 696 640 760 nibus
711 696 1063 776 cogitare'’
1097 689 1166 771 1).
1243 682 1620 777 Traj'anum
1694 696 1974 760 veniam
2046 698 2248 777 rogat
2318 696 2534 760 XXX
2594 696 2864 760 dierum
2912 698 2994 759 ut

440 813 552 877 uni
623 831 710 878 ex
774 814 1077 895 praediis
1124 813 1274 878 suis
1322 831 1586 878 novum
1636 813 2134 878 conductorem
2190 817 2518 895 quaerat:
2603 814 2993 899 „Agrorum

434 949 783 1013 ....quas
854 933 925 998 in
1000 933 1243 997 eadem
1314 932 1595 1013 regione
1645 932 1967 1013 possideo
2013 933 2291 1015 locatiO,
2342 950 2502 998 cum
2554 933 2812 1013 alioqui
2862 934 2995 998 400

434 1051 745 1134 excedat,
836 1051 1009 1116 adeo
1082 1068 1217 1115 non
1290 1054 1530 1132 potest
1603 1050 1866 1116 differri
1938 1053 2021 1115 ut
2092 1052 2484 1132 proximam
2554 1052 2998 1133 putationem

408 1186 656 1234 ‚novus
704 1168 994 1234 colonus
1042 1168 1272 1234 facere
1322 1169 1618 1234 debeat’'
1650 1166 1718 1245 2).
1768 1168 2004 1234 Etiam
2045 1170 2116 1234 in
2164 1170 2304 1235 alia
2351 1170 2662 1251 epistula
2684 1170 2999 1250 loquitur

430 1286 512 1351 de
576 1287 1001 1352 necessitate
1047 1304 1376 1368 agrorum
1430 1287 1882 1352 locandorum
1954 1290 2027 1353 et
2098 1289 2182 1353 de
2246 1288 2658 1353 difficultate
2706 1287 3000 1352 conduc.

431 1407 620 1470 tores
661 1406 748 1470 ad
800 1404 869 1469 id
919 1405 1204 1470 idoneas
1230 1405 1639 1471 inveniendi
1666 1400 1735 1482 ³).
1790 1406 1984 1470 Alibi
2010 1410 2303 1488 apparet
2340 1443 2398 1452 -
2442 1406 2623 1486 quod
2656 1405 3001 1486 imprimis

429 1523 816 1588 notandum
886 1525 998 1588 est
1071 1560 1154 1570 —
1229 1525 1537 1605 inopiam
1608 1541 1762 1588 esse
1832 1542 2219 1589 servorum.
2293 1524 2531 1590 Novos
2593 1540 2796 1604 agros
2840 1522 2998 1588 vult

435 1657 684 1722 emere,
757 1642 943 1706 inter
1019 1659 1185 1707 suos
1241 1642 1584 1724 jacentes,
1657 1645 1731 1706 et
1801 1658 1983 1722 quae
2056 1642 2293 1707 obsint
2355 1659 2670 1722 quaeque
2719 1642 2995 1723 prosint

431 1776 667 1824 secum
730 1762 1036 1841 reputat.
1107 1739 1736 1841 Fertiles'quidem
1784 1762 1977 1841 sunt,
2028 1760 2150 1825 sed
2199 1760 2687 1825 imbecillitate
2736 1760 2997 1826 domini

436 1878 712 1958 fatigati
780 1881 971 1942 sunt.
1059 1878 1128 1942 Is
1191 1879 1401 1960 enim,
1475 1882 1558 1943 ut
1632 1878 1902 1959 reliqua
1971 1879 2313 1943 mercedis
2383 1879 2719 1961 exigeret,
2790 1894 2999 1959 saepe

434 2001 706 2076 partem
784 1997 1419 2070 instrumentorum
1481 2000 1843 2077 tamquam
1915 1998 2204 2078 pignora
2282 1998 2699 2062 vendiderat
2724 1992 2796 2080 ⁴),
2864 2012 2999 2077 quo

440 2113 703 2194 reliqua
796 2115 882 2179 ad
978 2118 1263 2197 tempus
1356 2115 1635 2196 quidem
1728 2116 2106 2197 minuerat,
2201 2116 2320 2180 sed
2395 2115 2607 2180 simul
2677 2114 3001 2195 agricolis

441 2233 752 2297 subsidia
822 2233 1205 2315 ademerat,
1254 2217 1507 2314 quibus
1561 2234 1629 2297 in
1671 2237 2032 2315 posterum
2081 2234 2434 2298 culturam
2482 2234 3000 2313 continuarent,

442 2350 542 2414 ita
610 2353 694 2415 ut
763 2368 1008 2416 rursus
1077 2352 1345 2432 reliqua
1388 2353 1805 2416 crescerent.
1874 2352 2098 2416 Fundi
2140 2351 2357 2431 igitur
2409 2351 2735 2416 omnibus
2789 2351 3000 2415 rebus

446 2470 646 2533 novis
718 2469 1113 2534 instruendi
1188 2473 1414 2550 erant,
1486 2470 1669 2550 quod
1742 2487 1821 2534 eo
1901 2469 2248 2535 difficilius
2297 2474 2472 2552 erat,
2541 2468 2723 2549 quod
2769 2469 3002 2549 inopia

447 2591 598 2652 erat
645 2605 1043 2653 servorum:
1094 2606 1316 2669 neque
1363 2589 1512 2669 ipse
1539 2605 1761 2669 neque
1802 2589 1899 2652 ibi
1924 2589 2293 2670 quisquam
2320 2589 2643 2653 habebat.
2694 2588 3004 2652 Extabat

447 2708 741 2786 penuria
810 2723 1081 2788 quoque
1152 2706 1554 2771 colonorum
1619 2707 1722 2771 ita
1793 2711 1876 2771 ut
1924 2711 2072 2771 tam
2120 2707 2391 2771 reditus
2438 2723 2648 2787 quam
2695 2705 3005 2787 pretium

448 2841 771 2905 agrorum
861 2827 1052 2890 retro
1131 2825 1423 2890 abiisset
1450 2820 1521 2902 5).
1607 2862 1670 2872 —-
1754 2825 2141 2891 Difficultas
2211 2843 2414 2906 agros
2491 2842 2656 2891 suos
2731 2823 3005 2890 locandi

450 2960 662 3008 causa
768 2947 920 3009 erat
1014 2948 1095 3009 ut
1191 2961 1415 3009 novae
1507 2944 1782 3009 locandi
1859 2945 2156 3009 rationis
2240 2943 2628 3025 periculum
2719 2944 3005 3008 faceret.

456 3061 825 3127 Adversus
900 3079 1141 3128 omnes
1194 3062 1641 3127 remissiones
1688 3065 1927 3127 tamen
1976 3063 2244 3144 reliqua
2291 3079 2565 3144 semper
2604 3064 3009 3142 creverant;

454 3182 526 3244 et
593 3179 921 3261 quoniam
990 3180 1140 3245 fieri
1208 3198 1346 3245 non
1418 3181 1652 3262 potuit
1725 3182 1806 3245 ut
1853 3180 2227 3261 aliquando
2278 3198 2399 3245 aes
2445 3179 2752 3245 alienum
2799 3196 3008 3244 suum

454 3299 829 3380 solverent,
901 3300 1354 3379 neglegentes
1421 3298 1592 3363 facti
1664 3302 1867 3363 erant
1921 3299 2284 3380 agricolae.
2334 3299 2443 3363 Ad
2495 3298 3008 3378 diligentiorem

453 3421 691 3482 autem
762 3417 1111 3481 culturam
1182 3434 1300 3482 eos
1375 3417 1535 3482 vult
1604 3434 1848 3497 cogere
1897 3434 1978 3482 eo
2026 3418 2207 3499 quod
2261 3418 2525 3482 efficere
2575 3418 2644 3481 in
2692 3417 3006 3481 animum

454 3535 745 3618 inducit,
818 3537 898 3600 ut
967 3537 1036 3600 in
1087 3535 1492 3601 melioribus
1540 3536 1984 3616 pejoribusve
2029 3537 2373 3601 reditibus
2413 3552 2652 3601 eorum
2699 3535 3008 3616 ipsorum

455 3670 564 3718 res
611 3656 921 3736 agatur:
996 3671 1119 3736 pro
1183 3658 1375 3719 certa
1423 3655 1611 3719 enim
1659 3654 1956 3736 pecunia
2003 3655 2294 3735 posthac
2342 3659 2610 3719 certam
2659 3653 3008 3733 quandam

457 3775 728 3853 partem
797 3773 1159 3837 fructuum
1229 3775 1486 3852 exiget.
1538 3773 1792 3838 Obstat
1839 3773 2121 3854 quidem
2171 3774 2240 3837 in
2289 3772 2689 3853 hujusmodi
2737 3771 3011 3835 locandi

457 3892 747 3973 ratione,
796 3891 980 3971 quod
1028 3891 1171 3955 acri
1226 3908 1394 3955 cura
1441 3894 1513 3955 et
1563 3892 1883 3956 custodia
1932 3908 2108 3972 opus
2132 3894 2264 3972 est,
2291 3891 2619 3971 quoniam
2642 3890 3011 3954 abundans

456 4014 564 4074 est
632 4009 830 4091 copia
897 4008 1206 4075 fallendi.
1280 4008 1413 4074 Sed
1463 4013 1700 4074 tamen
1768 4010 2157 4091 periculum
2207 4009 2366 4074 vult
2412 4008 2661 4091 facere,
2710 4007 3013 4109 quando·-

529 4249 570 4318 ¹)
606 4250 711 4318 Ep.
747 4248 901 4304 Plin.
937 4249 1001 4303 et
1038 4208 1190 4317 Trai.
1224 4249 1276 4303 8.
1296 4250 1347 4304 5.
1367 4247 1438 4304 cf.
1457 4248 1644 4317 Epist.
1665 4248 1799 4304 VII.
1817 4248 1957 4304 303.
1974 4248 2293 4304 Accedunt
2312 4246 2609 4316 querellae
2629 4240 3013 4316 rusticorum,

462 4337 560 4403 qui
597 4326 844 4392 auribus
880 4337 1031 4391 meis
1066 4338 1202 4405 post
1239 4335 1488 4404 longum
1526 4341 1767 4409 tempus
1801 4350 1912 4390 suo
1942 4336 2078 4404 ,iure
2113 4336 2472 4392 abutuntur.

528 4424 569 4488 ¹)
604 4424 708 4492 Ep.
746 4422 899 4478 Plin.
933 4425 1013 4478 et.
1050 4421 1202 4491 Trai.
1235 4424 1288 4478 8.
1325 4425 1375 4477 5.

528 4510 570 4577 ³)
604 4510 758 4566 Plin.
780 4511 967 4579 Epist.
991 4508 1125 4565 VII.
1150 4510 1237 4593 30.
1262 4511 1311 4566 3.
1337 4509 1538 4565 Instat
1561 4513 1625 4565 et
1650 4510 1983 4599 necessitas
2005 4523 2286 4578 agrorum
2315 4508 2701 4564 locandorum
2726 4521 3013 4577 perquam

463 4597 739 4653 molesta:
775 4598 921 4652 adeo
958 4612 1160 4653 rarum
1197 4599 1293 4652 est
1328 4597 1599 4653 invenire
1633 4598 1878 4653 idoneos
1915 4598 2328 4653 conductores,

526 4685 567 4754 ⁴)
604 4684 677 4741 cf.
715 4684 774 4740 C.
811 4684 864 4739 J.
900 4683 1004 4740 IV.
1037 4686 1122 4739 65.
1160 4687 1208 4740 5.
1247 4683 1405 4740 Certi
1433 4685 1590 4752 juris
1625 4686 1721 4739 est
1756 4699 1842 4754 ea,
1879 4698 2033 4754 quae
2068 4685 2388 4740 voluntate
2421 4684 2802 4739 dominorum
2822 4681 3014 4737 coloni

460 4771 522 4826 in
558 4771 818 4828 fundum
853 4772 1223 4828 conductum
1260 4772 1634 4842 induxerint,
1671 4772 1936 4842 pignoris
1966 4773 2103 4840 jure
2128 4772 2386 4827 dominis
2404 4772 2781 4841 praediorum
2803 4770 3015 4825 teneri.

530 4859 571 4926 ⁸)
608 4859 757 4915 Plin.
797 4860 988 4931 Epist.
1023 4860 1132 4916 111.
1173 4860 1254 4916 19.
1290 4861 1342 4916 5.
