3770 5738
722 660 879 726 τῶν
925 655 1349 750 φυγόντων,
1399 653 1718 740 ἀφεῖναι
1764 652 1865 725 ἄν
1915 652 2294 742 λαβόντες
2343 654 2475 726 τὸν
2504 654 2916 748 Φρύνιχον
2942 656 3278 728 ἀποκτεί·

720 800 995 859 ναντα,
1070 777 1113 861 ἢ
1183 778 1787 868 τιμωρήσασθαι
1837 774 2018 867 ὑπὲρ
2067 775 2478 868 Φρυνίχου
2527 776 2663 847 καὶ
2715 782 2847 861 τῆς
2900 784 3146 871 φυγῆς
3192 768 3279 863 ἧς

722 895 942 968 αὐτοὶ
995 892 1319 992 ἔφυγον,·
1369 893 1518 988 ἐγὼ
1566 895 1707 984 μὲν
1755 891 1988 985 οἶμαι
2039 923 2082 964 τ
2100 926 2128 965 ι
2149 923 2205 983 μ
2229 921 2285 964 ω
2303 923 2346 988 ρ
2367 898 2408 989 ἡ
2430 919 2475 966 σ
2496 922 2548 966 α
2570 920 2619 966 o·
2637 898 2757 967 θα
2779 924 2805 965 ι
2855 895 2912 966 ἄ
2933 923 2999 968 ν.

810 1022 1208 1088 Retinenda
1254 1025 1367 1088 est
1413 1020 1738 1087 codicum·
1779 1021 2018 1092 lectio:
2068 1044 2158 1099 „v
2178 1045 2201 1086 ι
2225 1044 2282 1097 μ
2303 1042 2361 1085 ω
2378 1041 2422 1110 ρ
2438 1042 2471 1087 ε
2489 1027 2586 1088 Io·
2604 1019 2657 1086 θ
2677 1043 2729 1088 α
2750 1047 2778 1088 ι
2828 1016 2883 1087 ἄ
2904 1021 3016 1089 ν”.

1895 1193 2141 1261 XIX.-

811 1339 1094 1404 Erravit
1139 1338 1562 1405 Plutarchus
1608 1337 1802 1418 (Vita
1850 1338 2023 1406 Cim.
2073 1341 2140 1417 8)
2187 1358 2346 1407 cum
2397 1341 2775 1422 Cimonem,
2800 1343 2962 1423 post
2984 1339 3280 1425 Scyrum

725 1458 1031 1523 insulam
1082 1457 1474 1538 subjectam
1521 1457 1845 1523 Athenas
1892 1474 2274 1542 reversum,
2324 1459 2832 1541 disceptavisse
2876 1459 3161 1541 scripsit
3205 1459 3278 1523 in

722 1576 1105 1641 certamine
1131 1575 1643 1658 tragoedorum,
1669 1592 1758 1641 ex
1783 1592 1918 1657 quo
1944 1573 2320 1658 Sophocles
2344 1577 2758 1644 adulescens
2783 1577 3013 1643 victor
3026 1577 3278 1644 evasit.

1923 1746 2089 1813 XX.

814 1892 1041 1958 Ladae
1086 1893 1330 1958 statua
1376 1891 1955 1975 Myroni'minori
2000 1893 2374 1959 tribuenda
2418 1895 2550 1960 est.

1894 2064 2090 2130 XXI.

816 2209 1379 2274 Consentaneum
1450 2211 1563 2274 est
1610 2208 1893 2273 credere
1941 2209 2257 2274 homines
2304 2226 2458 2275 eam
2507 2209 2818 2275 divinam
2865 2211 3277 2295 potentiam,

724 2344 901 2408 qua-e
972 2327 1154 2409 apud
1226 2327 1607 2392 Homerum
1687 2323 1956 2414 Μοῖρα
2007 2327 2284 2409 dicitur,
2333 2333 2482 2392 tum
2534 2328 2668 2393 sibi
2715 2329 3089 2395 informare
3134 2346 3278 2395 coe·

726 2447 931 2528 pisse,
997 2463 1156 2511 cum
1220 2437 1544 2512 fortunae
1604 2446 2169 2527 condicionisque
2216 2446 2623 2511 discrimina
2667 2448 2851 2513 inter
2898 2448 3160 2514 divites
3206 2452 3280 2513 et

724 2580 1066 2646 pauperes
1144 2567 1291 2629 tam
1369 2564 1747 2645 conspicua
1821 2566 2110 2644 tamque
2186 2567 2525 2646 perpetua
2603 2568 2843 2630 essent
2911 2565 3123 2649 facta,
3197 2569 3280 2631 ut

727 2684 996 2748 invicta
1043 2682 1341 2763 quadam
1392 2681 1833 2748 Necessitate
1880 2683 2213 2765 imposita
2257 2699 2411 2749 esse
2459 2682 2887 2750 viderentur.

1892 2853 2125 2921 XXII.

819 2999 1025 3065 Haud
1100 3001 1331 3065 minus
1405 3017 1615 3079 quam
1685 3000 2019 3065 historiae
2067 3000 2632 3082 praeceptoribus
2679 2999 2766 3066 iis
2813 3017 3109 3085 quoque,
3157 3001 3275 3082 qui

727 3119 798 3182 in
846 3119 1232 3201 gymnasiis
1279 3118 1554 3199 linguas
1599 3134 1921 3199 graecam
1968 3121 2041 3183 et
2085 3118 2380 3184 latinam
2431 3118 2704 3201 docent,
2758 3119 3144 3186 curandum
3168 3123 3278 3185 est

727 3239 809 3302 ut
880 3238 949 3301 in
1022 3237 1570 3318 interpretandis
1637 3237 2098 3317 scriptoribus
2166 3253 2376 3318 quam
2447 3238 2732 3302 minime
2780 3237 3276 3320 discipulorum

726 3355 998 3420 animos
1049 3355 1429 3420 advertant
1474 3354 1562 3419 ad
1611 3372 1724 3419 res
1772 3355 2138 3420 militares

1865 3526 2131 3593 XXIII.

820 3672 1172 3737 Facultati
1219 3672 1584 3737 literarum
1631 3672 2124 3737 humaniorum
2172 3670 2722 3753 permittendum
2769 3675 2880 3736 est
2918 3672 3021 3752 ut,
3047 3687 3277 3753 quem·

727 3790 1101 3855 admodum
1154 3795 1433 3855 ceterae
1479 3789 1881 3873 facultateS,
1929 3790 2082 3873 ipsa
2130 3807 2404 3872 quoque
2450 3791 2727 3855 statuat
2776 3806 2911 3870 quo
2958 3805 3277 3855 sermone

729 3924 867 3987 eoS,
892 3908 1012 3988 qui
1036 3907 1607 3973 dissertationem
1623 3907 2099 3998 ‘academicam
2126 3908 2588 3989 conscripturi
2614 3909 2780 3986 sint,
2810 3907 2914 3971 uti
2937 3910 3275 3989 oporteat.
