3770 5738
1663 488 1750 554 63

511 688 881 769 originarii
948 689 1172 755 coloni
1222 692 1392 754 sunt
1442 688 1926 771 adhaerenteS,
1971 689 2114 770 J'uri
2164 688 2531 754 colonatus
2581 688 2864 753 obnoxii
2913 691 2987 753 et

416 807 673 887 origini
723 824 894 871 suae
941 807 1289 872 adstricti.

513 925 844 1006 Inquilini
920 926 969 989 ii
1040 926 1267 990 coloni
1340 926 1630 990 fuerunt
1704 924 2028 1007 fortasse,
2079 927 2196 1007 qui
2258 926 2328 990 in
2379 925 2660 1007 praedio
2710 925 2987 1006 quidem

422 1061 600 1124 opus
622 1045 968 1108 rusticum
994 1044 1342 1124 quoddam
1369 1045 1847 1125 praestabant,
1876 1044 1996 1107 sed
2025 1047 2229 1108 extra
2253 1044 2516 1108 saltum
2541 1043 2988 1124 habitabant3

429 1153 697 1234 pariter
743 1170 826 1217 ac
877 1152 1104 1217 coloni
1153 1152 1512 1232 originarii
1562 1170 1715 1218 esse
1763 1158 2082 1233 possunt.

516 1270 970 1352 Adscripticii
1023 1271 1173 1335 sive
1222 1271 1579 1335 tributarii
1628 1271 1676 1335 ii
1727 1270 1953 1335 coloni
2000 1274 2127 1335 aut
2155 1270 2477 1351 inquilini
2503 1274 2672 1335 sunt
2697 1288 2991 1351 quorum

426 1388 781 1470 peculium
876 1389 945 1452 in
1044 1391 1435 1470 postestate
1534 1392 1645 1453 est
1729 1389 2167 1453 dominorum
2248 1391 2321 1452 et
2391 1390 2507 1470 qui
2595 1389 2851 1454 idcirco
2922 1389 2991 1453 in

427 1507 869 1571 dominorum
940 1506 1113 1571 libro
1187 1506 1499 1571 censuali
1570 1512 1741 1571 sunt
1811 1508 2172 1590 adscripti,
2253 1510 2498 1588 utpote
2569 1525 2692 1589 pro
2741 1508 2995 1589 quibus
3087 1566 3092 1571 .

430 1624 696 1688 domini
746 1624 1017 1688 tributa
1062 1625 1370 1689 solvant.

526 1742 639 1806 DE
718 1741 1092 1807 COLONIS
1175 1741 1607 1806 PRIVATIS
1688 1742 1797 1806 ET
1865 1741 2238 1808 COLONIS
2301 1743 2454 1807 REI
2504 1743 2994 1809 PRIVATAE.

441 1859 750 1925 Possunt
799 1859 1023 1925 coloni
1072 1861 1286 1925 etiam
1335 1861 1475 1925 alio
1501 1861 1703 1926 modo
1730 1862 2070 1941 distingui
2097 1865 2586 1942 praeterquam
2612 1863 2997 1928 secundum

440 1979 902 2043 condiciones.
957 1979 1138 2044 Sunt
1187 1980 1370 2044 enim
1419 1997 1642 2061 pauca
1690 1980 2098 2044 discrimina
2142 1980 2769 2045 animadvertenda
2813 1982 3001 2046 inter

442 2095 744 2178 colonOS,
817 2097 933 2177 qui
1008 2098 1074 2160 in
1150 2098 1454 2179 praediis
1526 2099 1984 2179 privatorum,
2057 2100 2130 2162 et
2193 2099 2309 2178 qui
2359 2099 2430 2162 in
2481 2098 2666 2179 agris
2714 2098 3000 2180 impera·

445 2216 644 2279 toriis
724 2216 876 2279 sive
958 2215 1313 2280 fiscalibus
1392 2233 1566 2298 opus
1647 2217 2034 2298 praestant.
2130 2215 2224 2280 Hi
2312 2220 2550 2281 autem
2637 2220 2845 2297 prout
2928 2217 2996 2281 in

449 2350 518 2397 re
604 2335 904 2414 privata,
995 2334 1065 2397 in
1149 2334 1387 2398 fundis
1472 2334 2082 2415 patrimonialibus
2163 2337 2291 2399 aut
2377 2334 2680 2415 praediis
2756 2335 3003 2400 domus

448 2452 725 2516 divinae
788 2452 1134 2534 habitant,
1200 2452 1424 2517 coloni
1487 2453 1586 2517 rei
1651 2453 1992 2534 privatae,
2043 2452 2569 2533 patrimoniales
2618 2457 2745 2517 aut
2793 2452 3003 2518 domi·

449 2570 585 2635 nici
671 2568 1219 2651 appellantur1),
1304 2587 1478 2650 quos
1557 2570 1803 2635 multis
1882 2571 2203 2651 partibus
2285 2570 2638 2635 beneficiis
2718 2575 3004 2637 ornatos

447 2687 663 2753 fuisse
726 2689 1038 2769 apparet.
1105 2687 1481 2769 Privilegia
1545 2689 1921 2770 habebant,
1972 2706 2148 2770 quae
2197 2689 2382 2754 tanti
2420 2690 3003 2772 aestimabantur,

449 2811 527 2871 ut
594 2806 895 2872 curiales
956 2806 1043 2871 ad
1105 2807 1439 2889 potienda
1503 2824 1586 2873 ea
1646 2812 1859 2890 atque
1926 2807 2137 2873 simul
2195 2824 2330 2890 quo
2385 2807 2662 2873 facilius
2716 2825 3008 2875 munera

448 2925 874 2990 condicionis
946 2942 1113 2990 suae
1189 2925 1687 3006 detrectarent,
1758 2926 2170 3008 saepissime
2241 2931 2663 2992 conarentur
2731 2929 3008 3008 praeter

450 3043 834 3108 dominium
895 3061 1103 3107 suum
1151 3044 1504 3124 privatum
1561 3045 1777 3108 etiam
1824 3047 2098 3126 partem
2144 3045 2291 3125 agri
2343 3045 2601 3136 fiscalis
2648 3044 3009 3111 colendam

450 3162 784 3244 accipere.
837 3160 1028 3242 Quod
1073 3165 1154 3226 ut
1202 3162 1671 3243 prohiberent,
1731 3162 2189 3227 Constantius
2236 3165 2309 3227 et
2357 3162 2703 3227 Constans
2750 3166 3008 3229 statue·

444 3252 640 3361 runt,
695 3281 774 3343 ut
819 3297 1031 3361 supra
1070 3279 1218 3360 jam
1269 3280 1599 3360 vidimus,
1643 3283 1724 3345 ut
1771 3281 1890 3360 qui
1939 3281 2088 3362 ipse
2121 3280 2278 3362 plus
2304 3297 2511 3360 quam
2537 3281 3012 3362 XXangera

455 3398 841 3478 possideret
889 3400 961 3462 et
1010 3399 1293 3479 insuper
1342 3415 1587 3478 agrum
1636 3398 1944 3463 fiscalem
1995 3399 2417 3464 conductum
2458 3377 2766 3479 haberet,
2796 3399 3038 3464 nihilo.

456 3515 682 3580 secius
743 3515 829 3579 ad
901 3516 1134 3581 curiae
1206 3533 1495 3581 munera
1572 3517 1791 3597 repeti
1862 3520 2101 3598 posset
2128 3513 2197 3598 2).
2248 3516 2491 3598 Qualia
2535 3517 2799 3582 fuerint
2844 3518 3012 3582 haec

458 3633 819 3714 privilegia
886 3633 1053 3698 alibi
1124 3637 1449 3715 apparet:
1521 3635 1869 3699 immunes
1922 3637 2125 3699 erant
2173 3634 2661 3715 descriptionis
2706 3638 2780 3701 et
2826 3634 3015 3700 func·

528 3793 565 3858 ')
604 3791 824 3847 Nostra
862 3806 982 3848 non
1019 3792 1275 3847 interest
1310 3793 1530 3861 quibus
1566 3793 1745 3847 rebus
1782 3793 1902 3847 tria
1937 3807 2156 3861 genera
2191 3792 2460 3847 saltuum
2497 3792 3016 3861 imperatoriorum

460 3879 612 3934 inter
670 3893 737 3933 se
790 3878 1086 3934 differant.
1145 3879 1261 3933 Res
1313 3881 1548 3948 privata
1601 3881 1755 3934 bona
1809 3882 1983 3934 erant
2035 3879 2266 3948 imperii
2313 3879 2809 3949 (Rroondomein),
2844 3880 3016 3935 fundi

461 3966 906 4033 patrimoniales
941 3966 1350 4034 possessiones
1385 3968 1654 4034 privatae
1690 3967 2069 4034 imperatoris
2106 3967 2416 4034 regnantis
2441 3966 2535 4020 vel
2558 3965 2815 4021 familiae
2837 3967 3017 4035 impe-

462 4053 729 4120 ratoriae,
780 4053 1020 4121 praedia
1073 4053 1289 4108 domus
1342 4053 1578 4108 divinae
1634 4054 1939 4109 destinata
1992 4056 2165 4108 erant
2200 4056 2272 4108 ut
2310 4052 2619 4120 impendia
2652 4053 3020 4122 imperatorii

464 4145 783 4210 apparatus
841 4140 1216 4195 sustinerent
1272 4141 1497 4195 =civiele
1538 4140 1693 4208 liist).
1733 4139 1814 4195 Cf.
1859 4140 1992 4196 Hxs.
2054 4139 2158 4195 Die
2196 4140 2505 4195 Domanen
2542 4139 2646 4194 der
2679 4140 3021 4196 romischen

463 4225 804 4283 Kaiserzeit.
821 4241 876 4295 p.
894 4227 978 4282 27.
999 4242 1123 4296 sqq.
1143 4227 1362 4283 Contra
1380 4242 1560 4296 quem
1576 4228 1657 4284 H1
1666 4241 1993 4291 ascusam),
2010 4227 2114 4283 Die
2129 4227 2853 4294 Verwaltungsbeamten.
2868 4242 2921 4296 p.
2936 4228 3024 4284 21.

529 4315 567 4382 ⁷)
606 4314 670 4369 L.
725 4314 811 4368 33.
864 4314 922 4368 C.
977 4312 1083 4369 Th.
1122 4314 1260 4369 XII.
1297 4317 1346 4369 1.
1384 4314 1677 4382 Quoniam
1714 4314 2055 4370 sublimitas
2090 4315 2198 4369 tua
2233 4314 2550 4383 suggessit,
2588 4313 2813 4369 multos
2850 4314 3022 4370 decli·

470 4404 677 4456 nantes
713 4401 996 4469 obsequia
1033 4401 1380 4469 machinari,
1419 4404 1490 4456 ut
1521 4401 1828 4470 privilegia
1863 4401 1949 4456 rei
1984 4400 2250 4469 privatae
2287 4402 2525 4457 nostrae
2562 4401 2875 4456 colonatus
2886 4400 3024 4468 jure

468 4490 765 4543 sectantes
799 4489 1112 4544 curialium
1151 4488 1594 4544 nominationes
1630 4487 1951 4557 declinent,
1987 4488 2309 4556 sancimuS,
2345 4489 2431 4555 ut,
2466 4487 2829 4556 quicumque
2869 4489 3025 4544 ultra

473 4574 673 4640 viginti
730 4574 993 4643 quinque
1029 4575 1242 4644 jugera
1276 4577 1507 4644 privato
1545 4575 1807 4630 dominio
1847 4575 2162 4644 possidens
2196 4574 2544 4642 ampliorem
2582 4588 2658 4629 ex
2696 4587 2758 4628 re
2793 4575 3027 4642 privata

477 4663 671 4716 nostra
717 4662 1113 4728 jugorutionis
1169 4662 1414 4718 modum
1470 4662 1708 4717 cultura
1760 4664 1825 4716 et
1876 4661 2279 4716 sollicitudine
2313 4661 2552 4729 propria
2587 4661 3027 4731 gubernaverit,

480 4748 629 4802 omni
666 4747 1111 4816 privilegiorum
1150 4749 1243 4804 vel
1280 4749 1528 4818 originis
1568 4749 1658 4804 vel
1695 4748 2019 4816 cujuslibet
2053 4748 2465 4804 excusationis
2500 4748 2749 4804 alterius
2783 4748 3023 4804 frustra·

482 4832 631 4888 tione
667 4838 989 4906 summota,
1024 4836 1232 4892 curiali
1270 4837 1567 4893 consortio
1603 4836 1964 4891 vindicetur.
