3770 5738
1644 504 1769 582 113

428 717 613 785 illius
639 734 1050 802 magnarum
1076 717 1506 783 officinarum
1537 716 1858 796 rationiS,
1883 715 2065 796 quod
2093 715 2424 781 consistit
2449 716 2518 780 in
2545 705 2978 781 coartatione

428 839 760 903 mercium
839 836 1367 919 procreationiS,
1436 851 1575 914 qua
1645 834 1997 916 impendia
2067 834 2584 917 diminuuntur,
2655 835 2870 899 etiam
2939 852 2981 899 a

427 957 940 1036 possessoribus
1011 954 1320 1019 romanis
1383 952 1696 1017 adhiberi
1759 953 1994 1033 potuit
2042 970 2123 1017 ac
2170 969 2244 1017 re
2293 969 2463 1017 vera
2509 953 2825 1018 adhibita
2872 956 2983 1018 est

424 1074 621 1138 salva
688 1073 1062 1139 locationis
1132 1072 1425 1137 ratione.
1495 1070 1921 1135 Luculenter
1993 1070 2061 1135 id
2125 1076 2419 1152 apparet
2464 1087 2554 1135 ex
2603 1070 2982 1135 utilissima

425 1192 629 1257 Plinii
701 1192 1028 1273 epistula,
1102 1192 1171 1255 in
1242 1207 1379 1270 qua
1451 1189 1755 1254 amicum
1803 1188 2111 1253 consulit
2159 1189 2244 1253 de
2292 1189 2647 1271 emptione
2693 1190 2980 1272 praedii,

425 1310 627 1391 cujus
690 1313 937 1392 partes
988 1309 1136 1389 ⁸iam
1184 1308 1405 1389 ipsius
1451 1307 1640 1388 agris
1690 1307 2003 1371 inclusae
2051 1309 2241 1372 sunt.
2315 1307 2572 1389 Incipit
2620 1308 2982 1372 commoda

425 1445 855 1510 enumerare,
903 1429 973 1492 in
1025 1428 1280 1508 quibus
1327 1425 1643 1508 legendis
1667 1426 2193 1491 animadvertas
2218 1442 2475 1506 quaeso
2501 1426 2654 1507 ejus
2678 1427 2982 1508 praedia,

424 1549 506 1611 ut
577 1563 792 1627 supra
839 1546 1167 1627 vidimus,
1217 1543 1481 1609 colonis
1529 1543 1760 1609 locata
1807 1560 1986 1608 esse.
2043 1542 2435 1627 „Sollicitat
2481 1544 2783 1625 primum
2833 1544 2985 1625 ipsa

423 1665 872 1747 pulchritudo
911 1663 1273 1745 jungendi,
1322 1663 1571 1727 deinde
1619 1662 1800 1743 quod
1853 1680 1991 1727 non
2039 1663 2274 1727 minus
2313 1661 2488 1728 utile
2513 1679 2723 1744 quam
2749 1662 2984 1743 volup-

426 1787 709 1848 tuosum
779 1799 981 1864 posse
1053 1784 1351 1862 utraque
1422 1780 1668 1846 eadem
1738 1797 1967 1861 opera,
2044 1781 2285 1845 eodem
2342 1781 2603 1846 viatico
2658 1781 2985 1862 invisere,
3098 1870 3106 1876 ·

427 1903 555 1966 sub
597 1901 840 1966 eodem
890 1902 1339 1982 procuratore
1387 1917 1468 1964 ac
1516 1916 1737 1980 paene
1780 1898 2003 1963 isdem
2042 1899 2402 1964 actoribus
2448 1900 2723 1980 habere,
2774 1917 2985 1964 unam

430 2020 674 2084 villam
750 2018 976 2084 colere
1046 2021 1120 2082 et
1193 2034 1462 2099 ornare,
1533 2016 1833 2082 alteram
1903 2019 2188 2083 tautum
2254 2018 2460 2082 tueri.
2556 2018 2753 2083 Inest
2822 2018 2987 2083 huic

428 2137 935 2219 computationi
1004 2138 1332 2218 sumptus
1401 2135 1885 2217 supellectilis,
1951 2137 2281 2217 sumptus
2327 2136 2766 2217 atriensium,
2815 2136 2988 2218 topi-

426 2257 754 2337 ariorum,
824 2255 1180 2320 fabrorum
1252 2258 1465 2335 atque
1535 2254 1752 2318 etiam
1820 2254 2167 2319 venatorii
2239 2254 2733 2336 instrumenti3
2808 2270 2987 2334 quae

425 2374 807 2456 plurimum
879 2372 1094 2438 refert
1166 2389 1385 2437 unum
1461 2371 1530 2436 in
1602 2370 1833 2436 locum
1908 2372 2226 2437 conferas
2272 2389 2361 2436 an
2412 2373 2481 2436 in
2533 2371 2811 2437 diversa
2857 2372 2987 2438 dis-

427 2492 718 2573 pergas”
748 2487 817 2569 ¹).
911 2491 1105 2556 Idem
1174 2492 1466 2572 apparet
1529 2507 1618 2554 ex
1665 2489 1984 2555 fontibus
2026 2489 2241 2570 juris:
2293 2489 2643 2571 Ulpianus
2689 2491 2988 2572 quaerit,

426 2611 485 2675 si
535 2611 693 2691 quis
742 2609 985 2675 eodem
1032 2610 1507 2674 instrumento
1557 2610 1628 2672 in
1678 2608 1999 2689 plurimis
2045 2609 2233 2688 agris
2279 2611 2549 2691 utatur,
2598 2609 2800 2689 cujus
2840 2609 2990 2689 agri

433 2729 530 2793 sit
578 2728 1133 2793 instrumentum
1159 2724 1245 2807 2);
1294 2727 1462 2791 alibi
1488 2726 1801 2807 loquitur
1824 2727 1909 2791 de
1942 2726 2390 2810 „artificibuS,
2418 2743 2716 2808 quorum
2739 2744 2989 2809 operae

435 2847 693 2935 ceteris
741 2864 1013 2929 quoque
1061 2845 1366 2929 praediis
1413 2845 1977 2911 exhibebantur'’
2007 2840 2078 2922 ³).

445 2992 456 3003 ·
527 2966 783 3048 Quodsi
846 2966 1061 3046 igitur
1133 2981 1385 3045 magna
1442 2965 1782 3029 bonorum
1830 2965 2218 3044 procreatio
2268 2981 2389 3045 per
2435 2981 2771 3029 manuum
2818 2964 2989 3029 mul·

435 3084 810 3149 titudinem
879 3085 1071 3148 facta
1140 3083 1322 3163 apud
1382 3083 1731 3147 Romanos
1778 3098 2031 3164 expers
2075 3085 2228 3147 erat
2267 3082 2687 3165 utilitatum,
2736 3084 2989 3164 quibus

435 3202 765 3267 hodierna
827 3201 1208 3287 praevalet,
1279 3205 1640 3281 praeterea
1702 3201 1829 3265 hoc
1877 3200 2382 3266 detrimentum
2432 3201 2754 3282 habebat,
2805 3202 2986 3282 quod

433 3321 801 3385 materiam
869 3321 1270 3401 humanam,
1346 3336 1523 3399 quae
1592 3319 1676 3383 ad
1741 3318 2050 3383 laborem
2114 3318 2586 3400 adhiberetur,
2639 3318 2990 3383 in'servis

435 3441 717 3504 tantum
787 3438 1103 3502 invenire
1151 3439 1457 3519 poterat3
1506 3441 1720 3518 atque
1767 3436 2204 3518 experientia
2252 3454 2529 3518 semper
2570 3437 2809 3502 docuit
2855 3454 2988 3503 ser·

438 3574 684 3622 vorum
745 3556 1057 3621 laborem
1106 3572 1354 3636 parum
1403 3555 1755 3620 lucrosum
1805 3572 1959 3620 esse
2009 3557 2294 3637 propter
2341 3571 2579 3620 eorum
2628 3546 2988 3636 negleg‘en·

435 3676 629 3740 tiam.
709 3674 885 3759 „Der
959 3673 1282 3738 Arbeiter
1353 3674 1481 3738 soll
1553 3673 1702 3738 sich
1780 3673 1928 3738 hier
1987 3673 2121 3755 (i.e.
2168 3673 2240 3737 in
2289 3673 2410 3737 der
2462 3673 2590 3737 auf
2628 3672 2989 3740 Sklaverei

438 3792 913 3874 gegrundeten
984 3791 1440 3874 Produktion)
1512 3792 1691 3855 nach
1767 3790 1926 3856 dem
1994 3790 2382 3856 treffenden
2448 3792 2821 3857 Ausdruck
2869 3792 2989 3856 der

441 3911 677 3991 Alten,
725 3928 858 3975 nur
897 3911 1004 3974 als
1051 3911 1603 3975 instrumentum
1651 3909 1893 3974 vocale
1941 3926 2079 3974 von
2131 3909 2287 3974 dem
2332 3909 2538 3975 Thier
2584 3910 2692 3974 als
2735 3910 2988 3974 instru-

439 4031 757 4094 mentum
827 4027 1248 4093 semivocale
1330 4027 1468 4092 und
1545 4027 1699 4091 dem
1754 4027 2003 4092 todten
2060 4027 2525 4109 Arbeitszeug
2571 4027 2678 4092 als
2731 4028 2987 4093 instru-

440 4149 755 4212 mentum
802 4149 1081 4210 mutum
1129 4145 1689 4211 unterscheiden.
1781 4146 1870 4209 Er
1920 4145 2141 4210 selbst
2181 4147 2346 4210 aber
2391 4145 2573 4211 laszt
2619 4145 2823 4210 Thier
2847 4146 2990 4211 und

441 4265 903 4344 Arbeitszeug
973 4263 1237 4346 fuhlen,
1312 4264 1478 4328 dasz
1528 4280 1602 4327 er
1657 4263 1855 4328 nicht
1912 4263 2449 4344 Ihresgleichen,
2526 4263 2829 4329 sondern
2878 4265 2988 4329 ein

441 4454 581 4494 man
632 4438 767 4495 eine
809 4438 1092 4494 moderne
1134 4439 1553 4506 Erscheinung
1587 4453 1723 4493 zum
1762 4437 2078 4506 Vergleich
2114 4438 2516 4494 heranziehen
2555 4437 2698 4506 will,
2734 4439 2852 4494 mit
2889 4439 2994 4494 der

443 4525 1019 4594 Gefflngniszarbeit.
1072 4526 1368 4580 Niemand
1422 4526 1568 4581 wird
1607 4525 1951 4594 behaupten
1982 4525 2218 4592 wollen,
2252 4525 2396 4581 dasz
2433 4525 2594 4580 disse
2632 4526 2767 4581 dem
2804 4525 2991 4581 freien

443 4612 789 4668 Handwerk
830 4613 1171 4681 gogoniiber
1206 4614 1339 4668 eine
1374 4613 1601 4668 hohere
1638 4612 2231 4668 Produktionsweise
2268 4611 2596 4668 darstellt.”

515 4700 551 4758 ¹)
587 4699 741 4755 Plin.
776 4699 961 4768 Epist.
1000 4698 1109 4755 III.
1149 4701 1230 4755 19.
1266 4701 1316 4755 2.

511 4787 552 4854 ¹)
588 4787 650 4841 L.
691 4786 774 4841 12.
806 4789 839 4853 ξ
877 4788 959 4841 14.
995 4785 1126 4855 Dig.
1164 4786 1459 4853 XXXIII.
1497 4786 1545 4841 7.

513 4873 552 4938 ⁸)
589 4874 651 4928 L.
694 4874 772 4929 12.
811 4875 845 4941 ἓ
881 4875 966 4930 42.
1005 4874 1134 4943 Dig.
1172 4874 1467 4930 XXXIII.
1504 4874 1553 4930 7.
