3770 5738
2032 516 2073 579 6

775 714 962 794 runt,
1015 713 1318 778 vicarias
1364 714 1527 778 dare
1576 713 1861 794 perinde
1907 730 1989 778 ac
2036 729 2160 795 pro
2211 719 2410 793 parte
2459 729 2698 778 earum
2729 713 3105 778 liberorum
3132 706 3188 793 ¹)
3210 715 3337 779 aut

772 848 895 912 pro
966 830 1310 913 omnibuS,
1390 831 1518 895 hoc
1599 847 1748 914 „ne,
1824 830 2005 911 quod
2081 830 2371 912 impium
2446 833 2576 909 est,
2640 829 2766 894 filii
2828 848 2868 894 a
2919 831 3333 911 parentibus

775 947 1227 1012 dividantur'’
1257 945 1329 1030 ²),
1399 948 1569 1012 illud
1626 949 1829 1032 „quia
1868 951 1942 1013 et
1991 949 2062 1012 in
2112 947 2452 1029 ejusmodi
2502 949 2820 1030 personis
2874 948 3074 1014 salva
3121 950 3195 1013 et
3237 948 3334 1012 in-

773 1065 1112 1131 convulsa
1158 1066 1367 1131 debet
1413 1065 1932 1146 conJunctionis
1970 1066 2249 1131 affectio
2291 1066 2743 1148 permanere”
2773 1061 2842 1141 3).

866 1183 1294 1265 QUOMODO
1343 1183 1526 1248 LEX
1574 1183 2315 1249 ADHAERENTIAM
2366 1184 2734 1248 TUTATA
2779 1183 2936 1249 SIT.
2988 1184 3334 1249 Nimirum

773 1301 840 1366 id
917 1301 1478 1383 prospiciendum
1551 1305 1706 1367 erat
1773 1305 1856 1366 ut
1928 1302 2042 1366 lex
2108 1303 2635 1368 adhaerentiam
2706 1304 3050 1384 tueretur,
3121 1304 3333 1383 atque

775 1419 1040 1485 multae
1092 1421 1640 1486 constitutiones
1700 1421 1768 1485 id
1838 1423 2063 1501 agunt
2114 1422 2197 1486 ut
2246 1424 2373 1485 aut
2418 1420 2657 1500 fugam
2704 1423 3162 1503 praevertam:
3205 1423 3334 1485 aut

774 1539 1098 1618 fugitivis
1182 1556 1477 1620 poenam
1557 1539 1951 1603 minentur:
2050 1539 2310 1619 partim
2382 1539 2747 1603 continent
2820 1539 3201 1604 interdicta
3262 1539 3332 1603 in

773 1658 1185 1722 universum
1257 1657 1651 1739 enuntiata,
1708 1658 1968 1739 partim
2030 1673 2208 1737 quae
2270 1656 2356 1721 ad
2412 1657 2599 1739 ipsos
2647 1657 2927 1722 colonos
2975 1658 3333 1738 pertinent

775 1775 887 1840 vel
935 1776 1020 1840 ad
1072 1792 1190 1841 eos
1239 1776 1358 1855 qui
1403 1775 1743 1856 fugitivos
1791 1779 2273 1857 susceperunt.

864 1891 936 1958 Si
999 1894 1285 1959 colonus
1348 1893 1665 1975 quusvis
1736 1893 2165 1959 condicionis
2253 1931 2310 1939 —
2372 1911 2536 1958 nam
2583 1893 2761 1974 quod
2823 1892 2912 1957 ad
2959 1893 3331 1958 adhaeren-

771 2012 947 2076 tiam
1017 2013 1281 2077 attinet
1350 2030 1592 2077 omnes
1653 2012 1897 2077 eodem
1936 2012 2093 2094 jure
2152 2014 2323 2093 sunt
2382 2048 2444 2057 —
2505 2011 2761 2076 alicubi
2810 2014 3016 2076 extra
3056 2011 3331 2076 domici-

769 2128 945 2194 lium
992 2130 1328 2195 inventus
1375 2132 1507 2211 est,
1562 2130 1811 2195 statim
1857 2131 1946 2194 ad
1994 2147 2153 2195 eum
2204 2130 2429 2194 redire
2479 2130 2706 2203 debet.
2754 2128 2955 2210 cujus
3004 2146 3157 2194 esse
3178 2146 3330 2194 con·

771 2246 1017 2312 fitetur
1042 2243 1113 2331 ⁴),
1162 2249 1342 2328 quod
1392 2249 1453 2313 si
1499 2247 1728 2314 facere
1762 2251 2047 2314 recusat
2071 2265 2295 2328 neque
2321 2248 2404 2312 de
2431 2248 2583 2329 ejus
2609 2247 3013 2312 condicione
3037 2247 3329 2312 dubium

771 2369 903 2447 est,
968 2366 1234 2431 indicta
1304 2384 1516 2431 causa
1563 2369 1636 2431 et
1699 2384 1736 2431 e
1806 2367 2103 2447 vestigio
2169 2384 2311 2431 una
2356 2383 2515 2431 cum
2564 2365 2802 2430 liberis
2849 2366 2998 2430 suis
3043 2365 3326 2430 restitui

772 2484 979 2549 debet
1041 2484 1188 2550 loco
1251 2485 1362 2549 cui
1425 2488 1639 2550 natus
1687 2488 1798 2550 est
1823 2482 1900 2567 5).
1973 2485 2285 2549 Primum
2340 2485 2520 2549 bona
2566 2483 2698 2548 fide
2746 2484 3130 2566 possessori
3181 2482 3328 2548 red-

773 2603 1004 2683 datur,
1067 2603 1225 2667 dein
1298 2620 1513 2668 causa
1578 2603 1865 2683 originis
1929 2606 2002 2668 et
2050 2602 2502 2684 proprietatis
2556 2604 2810 2682 agatur
2835 2596 2910 2683 ⁶).
2984 2600 3106 2665 Cui
3155 2602 3324 2666 haec

770 2738 937 2786 cura
1003 2721 1429 2787 restituendi
1502 2722 1599 2786 sit
1668 2722 2004 2786 mandata
2066 2738 2205 2786 non
2275 2721 2559 2785 disertis
2607 2720 2842 2785 verbis
2889 2719 3330 2802 enuntiatur,

767 2840 888 2905 sed
961 2841 1259 2921 utraque
1307 2839 1423 2905 lex
1473 2839 1740 2905 directa
1792 2842 1904 2905 est
1950 2839 2035 2905 ad
2087 2840 2530 2905 Praefectum
2577 2838 2925 2920 quendam
2970 2838 3330 2904 Praetorio

766 2957 842 3035 (L
919 2959 977 3022 1.
1055 2957 1125 3023 C.
1194 2958 1314 3022 Th.
1382 2956 1467 3022 V.
1539 2960 1621 3023 10
1681 2959 1769 3023 ab
1820 2957 2132 3023 Honorio
2199 2959 2272 3023 et
2337 2956 2720 3022 Theodosio
2790 2956 2878 3022 ad
2933 2956 3328 3021 Palladium

765 3075 839 3139 Ρ.
912 3075 1025 3156 Ρ.;
1076 3076 1148 3140 L.
1219 3075 1322 3140 14.
1387 3075 1454 3140 C.
1506 3075 1567 3140 J.
1617 3074 1744 3140 XI.
1796 3075 1882 3140 48
1931 3077 2017 3141 ab
2067 3076 2369 3140 Arcadio
2417 3077 2490 3140 et
2537 3074 2847 3140 Honorio
2894 3076 2980 3139 ad
3032 3074 3325 3140 Vincen-

835 3303 875 3370 ¹)
912 3303 974 3357 L.
1011 3305 1058 3358 1.
1097 3305 1129 3370 ᾖ
1164 3302 1213 3357 3.
1251 3302 1423 3358 O.Th.
1455 3302 1530 3358 V.
1557 3303 1733 3359 10...
1770 3304 2113 3373 mulierum,
2150 3317 2303 3372 quae
2341 3302 2526 3358 fuisse
2565 3303 2916 3370 originariae
2935 3302 3325 3374 docebuntur,

761 3390 811 3444 si
865 3392 1007 3444 ante
1070 3390 1427 3445 vicesimum
1465 3404 1696 3445 annum
1734 3390 1807 3444 de
1844 3389 1989 3458 sole,
2027 3391 2123 3445 cui
2166 3391 2553 3458 debebantur,
2588 3390 3007 3454 abscesserint,
3045 3390 3327 3446 universa

760 3477 1033 3544 repetitio
1069 3483 1298 3543 cesset3
1336 3490 1546 3532 earum
1585 3491 1741 3546 vero,
1778 3492 2035 3545 quarum
2075 3478 2238 3532 intra
2257 3476 2758 3546 comprehensum
2783 3479 3025 3545 tempus
3043 3477 3325 3532 discessio

758 3564 1196 3633 comprobatur,
1251 3578 1319 3618 ac
1372 3564 1444 3618 de
1481 3564 1832 3619 condicione
1871 3564 2040 3619 nulla
2077 3564 2371 3619 dubitatio
2410 3564 2520 3630 est,
2557 3577 2804 3632 prorsus
2839 3563 3098 3619 dominis
3134 3564 3323 3632 perire

759 3664 880 3705 non
915 3651 1204 3717 sinemuS,
1242 3665 1313 3706 ea
1347 3652 1551 3706 tamen
1590 3651 1938 3707 condicione
1975 3653 2230 3721 servata,
2270 3652 2337 3706 ut
2377 3651 2596 3705 vicaria
2633 3665 2774 3705 cum
2797 3651 3116 3718 agnatione
3135 3652 3324 3720 partis

756 3737 966 3792 tertiae
1022 3751 1144 3793 non
1198 3738 1470 3807 negetur,
1525 3752 1679 3806 quae
1734 3739 1805 3793 de
1865 3739 2074 3794 colono
2123 3739 2404 3807 suscepta
2441 3739 2535 3792 est
2568 3736 2781 3807 alieno,
2815 3737 2903 3792 lta
2938 3739 3009 3792 ut
3042 3752 3145 3806 pro
3182 3738 3323 3793 filiis

755 3839 992 3894 quoque
1031 3826 1316 3880 contrarii
1353 3826 1774 3895 praebeantur.
2653 3819 2662 3824 “

825 3914 865 3975 ¹)
904 3913 1054 3967 NoV.
1088 3912 1218 3968 Val.
1254 3913 1455 3969 XXX.
1501 3915 1534 3981 ἓ
1567 3914 1619 3969 2.

824 4000 865 4069 ⁸)
910 4000 1057 4056 Nov.
1095 3999 1224 4056 Val.
1262 4000 1463 4056 XXX.
1502 4003 1534 4068 g
1571 4001 1623 4055 3.

820 4087 865 4153 ⁴)
902 4087 963 4141 L.
1000 4088 1049 4143 2.
1087 4088 1120 4155 ᾗ
1155 4088 1207 4142 2.
1244 4086 1415 4144 Ο.Τὴ.
1450 4088 1529 4143 X.
1567 4089 1648 4143 12.
1689 4088 1750 4144 Si
1787 4089 1924 4156 quis
1962 4088 2144 4143 etiam
2188 4088 2278 4143 vel
2301 4088 2655 4142 tributarius
2687 4086 2994 4155 reperitur,
3015 4087 3108 4141 vel
3128 4086 3315 4154 inqui-

749 4173 914 4229 linus
949 4176 1305 4243 ostenditur,
1341 4175 1415 4231 ad
1450 4190 1591 4231 eum
1631 4177 1910 4245 protinus
1946 4176 2167 4245 redeat,
2206 4176 2381 4244 cujus
2416 4189 2480 4229 se
2517 4188 2650 4229 esse
2686 4173 3018 4242 profitetur.

822 4261 863 4328 ⁸)
901 4262 960 4316 L.
1002 4261 1360 4329 1.§1.C.Th.
1396 4262 1466 4318 V.
1506 4263 1586 4318 10.
1627 4263 1794 4330 Quod
1830 4264 1880 4317 si
1919 4264 2055 4331 quis
2075 4262 2432 4331 originarius
2450 4262 2612 4316 intra
2631 4261 3015 4334 hostriginta
3032 4274 3224 4315 annos
3244 4260 3314 4315 de

750 4349 1126 4415 possessione
1185 4349 1459 4418 decessit,
1515 4351 1644 4404 sive
1698 4364 1802 4418 per
1846 4349 2052 4418 fugam
2089 4350 2314 4417 lapsus.
2350 4362 2459 4403 seu
2497 4350 2712 4417 sponte
2749 4362 2857 4402 seu
2895 4347 3316 4403 sollicitatione

750 4438 1159 4506 transductus,
1197 4452 1391 4508 neque
1429 4439 1502 4494 de
1539 4439 1671 4508 ejus
1709 4438 2061 4494 condicione
2099 4438 2428 4505 dubitatur,
2469 4451 2629 4506 eum,
2664 4436 3138 4492 contradictione
3157 4450 3315 4490 sum·

749 4525 929 4591 mota,
972 4524 1117 4594 loce,
1154 4526 1250 4580 cui
1288 4527 1473 4581 natus
1519 4528 1629 4596 est,
1668 4541 1808 4581 cum
1846 4526 2076 4594 origine
2106 4526 2397 4594 jubemus
2433 4525 2566 4580 sine
2603 4524 2887 4580 dilatione
2923 4524 3182 4580 restitui.

820 4610 860 4677 ⁰)
894 4611 957 4665 L.
995 4611 1077 4666 14.
1123 4611 1181 4667 G.
1202 4612 1253 4668 J.
1292 4612 1400 4668 XI.
1437 4614 1523 4668 48.
1562 4613 1624 4669 Si
1661 4613 1876 4683 coloni,
1912 4627 2066 4681 quos
2102 4614 2258 4668 bona
2294 4612 2411 4668 fide
2448 4611 2704 4680 quisque
2741 4611 3024 4680 possedit,
3061 4611 3134 4665 ad
3166 4609 3315 4665 alios

745 4695 922 4766 fugae
972 4699 1116 4754 vitio
1172 4701 1561 4755 transeuntes
1609 4701 2039 4756 necessitatem
2080 4700 2447 4756 condicionis
2483 4699 2753 4768 propriae
2790 4698 3090 4753 declinare
3128 4698 3314 4767 temp·

745 4785 1022 4852 taverint,
1061 4787 1249 4841 bonae
1286 4786 1422 4842 fidei
1461 4787 1790 4856 possessori
1828 4788 2092 4857 primurn
2129 4789 2364 4857 oportet
2381 4787 2557 4843 celeri
2580 4785 3004 4842 reformatione
3025 4785 3315 4849 succurri.

746 4874 893 4927 tunc
930 4887 1175 4930 causam
1212 4874 1458 4943 originis
1492 4877 1556 4930 et
1589 4875 1971 4945 proprietatis
2006 4875 2251 4944 agitare.
