3770 5738
1616 490 1703 556 37

385 707 541 755 nem
583 694 829 773 erant3
876 691 1226 772 peculiare
1274 693 1445 755 tunc
1493 689 1579 755 iis
1628 706 1880 754 nomen
1930 691 2085 753 erat
2132 687 2444 753 saltuum
2473 683 2548 771 ¹).
2602 687 2938 769 Quoniam

383 811 586 874 erant
654 809 1098 891 imperatoris
1167 809 1281 874 vel
1349 811 1777 889 senatorum,
1827 808 2014 872 inter
2060 823 2233 888 quos
2281 806 2624 888 imprimis
2676 823 2940 887 posses-

381 944 574 992 sores
621 927 1186 1009 inveniebantur,
1236 926 1436 991 fundi
1481 929 1685 992 erant
1730 924 2030 1008 excepti,
2080 924 2478 1006 municipiis
2525 925 2836 1006 exempti
2863 921 2937 1006 2).

382 1046 439 1109 A
512 1046 1012 1128 chorographis
1080 1048 1154 1111 et
1219 1044 1401 1126 apud
1472 1045 1852 1126 scriptores
1900 1044 2241 1124 sequioris
2287 1044 2547 1110 aetatis
2592 1042 2822 1107 saltus
2868 1045 2941 1108 et

376 1164 859 1246 possessiones
930 1166 1407 1229 memorantur
1468 1163 1682 1244 Juxta
1753 1162 2084 1227 civitates
2155 1165 2515 1243 tamquam
2563 1162 2942 1242 municipia

376 1283 647 1348 rustica
700 1282 913 1363 juxta
981 1282 1267 1346 urbana.
1325 1281 1437 1346 Ab
1485 1282 1675 1348 omni
1722 1284 1921 1363 parte
1971 1280 2318 1362 propriam
2366 1297 2567 1344 suam
2615 1283 2943 1345 naturam

378 1402 667 1483 habent,
729 1401 928 1483 quasi
995 1401 1105 1466 sui
1146 1400 1330 1481 juris
1374 1403 1565 1482 sunt,
1613 1401 1875 1467 habent
1918 1394 2404 1486 αὐτάρκειαν.
2450 1398 2943 1464 Procuratores

377 1521 664 1602 praedia
711 1521 1070 1601 praestare
1110 1518 1460 1584 debebant
1502 1521 1605 1584 ita
1648 1521 1730 1584 ut
1755 1519 2163 1585 decuriones
2187 1517 2602 1600 municipia;
2629 1517 2778 1583 fieri
2803 1535 2940 1583 non

378 1642 620 1720 potest
669 1641 750 1704 ut
798 1639 953 1720 quis
996 1639 1337 1703 ambobus
1385 1639 1795 1703 muneribus
1823 1639 2034 1703 simul
2058 1637 2418 1719 fungatur.
2447 1636 2721 1703 Incolae
2747 1653 2943 1702 vaca·

376 1758 573 1823 tione
620 1759 955 1823 fruuntur
1001 1757 1491 1838 obsequiorum
1534 1756 2085 1838 municipalium,
2134 1757 2548 1839 praesertim
2572 1752 2942 1821 munerum

377 1876 953 1942 decurionalium.
1006 1875 1299 1941 Tributa
1344 1893 1479 1940 non
1532 1893 1652 1957 per
1700 1875 2109 1941 decuriones
2155 1875 2558 1955 exiguntur,
2606 1874 2727 1939 sed
2754 1872 2944 1938 nullo

376 1995 798 2076 interposito
846 1994 1095 2059 statim
1141 1994 1530 2060 rectoribus
1577 1994 1977 2074 provinciae
2024 1994 2419 2063 solvuntur.

463 2113 553 2179 In
599 2113 710 2177 his
752 2112 1055 2178 saltibus
1100 2111 1325 2178 coloni
1374 2112 1773 2177 incolebant
1813 2114 1883 2177 in
1935 2112 2118 2178 casis
2166 2112 2350 2176 circa
2379 2110 2644 2192 villam,
2671 2111 2741 2175 in
2769 2127 2943 2175 com·

378 2232 711 2296 munibus
770 2231 958 2296 vicis
1026 2231 1163 2314 vel,
1234 2212 1587 2312 quatenus
1654 2232 1913 2295 muniti
1979 2233 2204 2312 erant,
2254 2231 2326 2294 in
2379 2229 2690 2295 castellis
2717 2224 2786 2305 3).
2839 2231 2944 2294 Ac

380 2349 609 2415 veluti
656 2350 832 2415 civis
881 2366 1128 2414 nomen
1181 2349 1483 2414 habebat
1531 2366 1620 2414 ex
1670 2349 1984 2426 civitate,
2036 2349 2137 2413 ita
2161 2348 2385 2414 coloni
2411 2348 2946 2429 appellabantur

378 2484 463 2533 ex
527 2468 683 2532 vico
728 2468 847 2549 qui
894 2467 1256 2548 municipii
1305 2467 1528 2532 vicem
1577 2469 1730 2532 erat
1758 2462 1827 2544 ⁴³).
1879 2468 2206 2548 Legimus
2255 2467 2325 2531 in
2373 2466 2944 2547 inscriptionibus

378 2585 461 2651 de
517 2586 832 2669 „kolonis
877 2585 1513 2651 Kasturrensibus”
1563 2585 1604 2650 i.
1634 2601 1689 2650 e.
1728 2586 1992 2651 colonis
2017 2585 2290 2650 castelli
2316 2585 2834 2666 KasturrensiS‚
2862 2584 2946 2649 de

387 2704 693 2788 „colonis
732 2703 961 2769 saltus
1002 2702 1492 2784 Burunitani”‚
1541 2703 1858 2788 „castelli
1901 2703 2303 2783 Cellensis'’‚
2352 2704 2530 2787 „vici
2569 2703 2943 2785 Augusti''.

382 2822 631 2904 Itaque
679 2822 908 2888 saltus
956 2839 1243 2905 prorsus
1290 2839 1449 2888 cum
1498 2822 1900 2905 municipiis
1945 2821 2431 2903 adaequantur
2457 2819 2528 2900 ⁶).

472 2942 552 3007 In
622 2941 930 3006 romanis
997 2943 1239 3007 autem
1286 2941 1683 3024 municipiis
1731 2940 1867 3006 duo
1915 2958 2169 3023 genera
2214 2941 2574 3006 hominum
2622 2941 2947 3008 extitisse

453 3196 493 3264 ι)
528 3195 890 3251 Extiterunt
926 3196 1133 3251 autem
1170 3196 1493 3252 latifundia
1527 3211 1680 3267 quae
1716 3212 1837 3253 non
1875 3196 2072 3254 saltus
2108 3200 2300 3253 erant.
2339 3198 2455 3269 „De
2475 3199 2594 3254 tels
2617 3199 2948 3266 domaineS,

385 3285 434 3339 si
472 3284 695 3353 grands
731 3283 908 3353 qu'ils
945 3283 1145 3339 soient
1181 3298 1258 3339 en
1294 3283 1422 3353 fait,
1461 3299 1536 3340 ne
1572 3299 1637 3340 se
1676 3285 2061 3354 distinguent
2098 3285 2204 3340 des
2229 3286 2435 3341 autres
2457 3287 2786 3356 proprietes
2810 3287 2947 3357 plus

384 3372 605 3440 petites
640 3385 757 3440 que
792 3385 899 3439 par
934 3371 1066 3426 leur
1101 3371 1381 3427 etendue.
1418 3373 1567 3427 Mais
1603 3387 1680 3427 au
1717 3373 1889 3441 point
1933 3372 2005 3428 de
2045 3387 2163 3428 vue
2183 3373 2264 3428 du
2285 3373 2442 3429 droit
2461 3374 2537 3429 ils
2555 3376 2697 3430 sont
2718 3375 2946 3431 soumis

385 3457 421 3513 a
472 3459 679 3514 tontes
730 3458 820 3513 les
873 3458 1065 3526 regles
1120 3458 1452 3514 ordinaires
1506 3460 1579 3514 de
1638 3459 1694 3514 la
1747 3460 2102 3528 propriete.''
2140 3460 2531 3516 Baaunoum.
2576 3461 2690 3517 Les
2724 3461 2946 3530 grands

386 3543 693 3601 domaines
754 3547 868 3601 etc.
916 3545 1107 3601 Nouv.
1164 3546 1370 3602 Revue
1425 3546 1573 3601 hist.
1626 3546 1800 3601 XXI.
1855 3561 1910 3617 p.
1963 3548 2093 3617 55ος
2148 3547 2208 3603 cf
2236 3547 2357 3618 553,
2393 3549 2515 3603 554.
2559 3579 2611 3587 —
2660 3547 2741 3604 De
2782 3549 2947 3604 vocis

386 3631 578 3688 saltus
614 3632 1162 3701 significationibus
1198 3632 1333 3687 vide
1371 3632 1718 3689 Scaumnn.
1757 3633 2387 3690 Grundherrschaften
2426 3649 2480 3704 p.
2516 3635 2602 3690 25.
2637 3635 2723 3691 28.

457 3720 499 3787 ¹)
535 3720 897 3775 Luculenter
932 3720 1043 3776 hoc
1082 3719 1522 3775 demonstravit
1560 3720 1893 3776 Senum-m
1930 3721 1968 3776 1.
1999 3721 2037 3777 l.
2063 3736 2117 3791 p.
2139 3722 2330 3777 2-12.
2355 3722 2686 3791 Imperator
2704 3723 2947 3779 omnino

389 3805 613 3862 nullius
650 3807 956 3875 municipii
997 3807 1144 3862 civis
1180 3809 1327 3875 erat,
1363 3807 1521 3863 bona
1554 3808 1906 3863 senatorum
1945 3809 2192 3863 tantum
2229 3809 2294 3864 in
2332 3809 2456 3865 solo
2493 3808 2694 3878 populi
2715 3810 2945 3866 romani

270 3903 281 3916 ·
387 3897 557 3948 erant
595 3894 718 3949 sita
753 3893 922 3949 velut
957 3893 1071 3962 ipsi
1110 3895 1355 3949 tanturn
1394 3894 1557 3949 cives
1593 3894 1823 3950 romani
1859 3896 2026 3949 sunt.
2065 3895 2383 3964 Exemptio
2412 3896 2666 3951 aliorum
2691 3896 2948 3966 praedio·

388 3993 521 4034 rum
556 3994 635 4035 ex
672 3980 1072 4049 imperatoriis
1106 3994 1175 4036 ac
1211 3981 1533 4036 senatoriis
1567 3983 1661 4036 est
1697 3981 1976 4051 profecta.
2014 3982 2430 4039 Possessiones
2463 3983 2776 4053 Ecclesiae,
2795 3998 2948 4052 quae

391 4065 672 4123 nimirum
720 4066 949 4123 nullius
988 4068 1299 4136 municipii
1337 4069 1483 4137 erat,
1513 4083 1700 4137 aeque
1736 4068 1867 4123 erat
1905 4071 2206 4140 exempta.
2243 4069 2326 4127 De
2363 4071 2458 4126 his
2494 4070 2672 4126 rebus
2707 4070 2778 4126 cf.
2813 4070 2949 4127 His.

392 4152 840 4234 DieoDomanen
877 4155 982 4210 der
1019 4154 1349 4212 Kaiserzeit
1385 4171 1438 4226 p.
1478 4156 1769 4211 115-117.
1807 4156 2201 4228 ΒκΑυυουιΝ,
2236 4157 2273 4212 1.
2307 4158 2345 4213 l.
2370 4172 2423 4227 p.
2442 4159 2542 4213 551
2563 4160 2625 4214 et
2643 4157 2946 4228 559-563;

392 4239 792 4298 Rosrowznw.
830 4242 1220 4311 Staatspacht
1256 4257 1310 4311 p.
1344 4242 1463 4299 433.

460 4326 500 4394 ⁸)
534 4329 866 4385 Frontinus
902 4344 959 4399 p.
992 4330 1078 4384 53.
1118 4329 1361 4385 Habent
1398 4332 1605 4386 autem
1643 4331 1708 4386 in
1745 4329 2003 4386 saltibus
2039 4331 2258 4400 privati
2297 4345 2416 4387 non
2453 4332 2743 4401 exiguum
2765 4347 2948 4403 popu·

390 4413 514 4470 lum
556 4416 858 4486 plebejum
895 4419 959 4472 et
997 4417 1158 4472 vicos
1193 4417 1347 4472 circa
1384 4417 1606 4473 villam.
1651 4448 1701 4456 —
1749 4416 1831 4472 De
1868 4417 2024 4472 casis
2059 4419 2122 4472 et
2143 4417 2289 4473 vicis
2313 4418 2444 4474 vide
2466 4418 2948 4490 Senonumpp.

388 4501 474 4567 45,
508 4504 591 4569 52,
632 4503 751 4559 105.
786 4504 1160 4559 BssAunoum
1198 4520 1252 4573 p.
1289 4505 1393 4560 565
1430 4505 1566 4560 adn.
1605 4506 1655 4560 1.

459 4588 500 4655 ⁴)
556 4591 757 4646 Minus
811 4594 972 4647 recte
1030 4593 1207 4661 putat
1244 4591 1575 4647 Scaunrsu
1614 4590 1675 4656 (1.
1713 4591 1747 4647 l.
1787 4606 1842 4662 p.
1878 4593 1967 4657 46)
2007 4592 2179 4661 „dasz
2215 4592 2302 4648 sie
2340 4592 2491 4648 doch
2528 4596 2756 4650 correct
2794 4595 2948 4650 nach

391 4674 522 4732 dem
590 4677 929 4734 Gutsherrn
987 4679 1228 4734 heissen
1285 4679 1617 4734 mfissten.”
1690 4678 1761 4733 In
1819 4680 1950 4735 toto
2006 4679 2352 4735 colonorum
2409 4680 2541 4748 jure
2598 4681 2659 4736 id
2714 4695 2951 4750 semper

393 4760 645 4826 fingitur
682 4778 785 4820 eos
817 4765 935 4821 solo
971 4780 1102 4821 esse
1142 4765 1464 4822 adstrictos
1501 4780 1693 4833 neque
1729 4766 1977 4835 domino,
2014 4766 2189 4822 aliter
2224 4766 2411 4834 igitur
2452 4782 2519 4822 ac
2542 4768 2699 4823 servi
2724 4769 2950 4824 rustici.

470 4847 510 4915 ⁸)
546 4851 761 4907 Postea
797 4853 949 4909 tales
985 4852 1181 4909 saltus
1218 4853 1343 4908 veri
1381 4853 1493 4908 vici
1530 4853 1671 4908 facti
1711 4855 1877 4908 sunt.
1917 4853 2287 4909 BnAononm
2326 4869 2381 4923 p.
2417 4854 2709 4910 559-563.
