3770 5738
1687 493 1817 558 139

477 692 799 773 agrorum
851 692 1304 757 locandorum
1351 709 1687 773 perquam
1733 692 2064 756 molesta:
2116 691 2287 756 adeo
2310 708 2549 755 rarum
2573 693 2687 756 est
2710 691 3028 756 invenire

476 811 755 875 idoneos
826 810 1287 875 conductores
1314 805 1399 891 1);
1468 810 1630 874 alibi
1697 827 1970 891 quoque
2018 810 2330 891 loquitur
2380 809 2463 874 de
2518 811 2687 894 „hac
2737 811 3029 890 penuria

475 927 917 993 colonorum”
1005 931 1368 1009 tamquam
1446 928 1627 993 malo
1700 931 1868 993 noto
1941 930 2014 992 et
2084 928 2414 993 universo
2442 924 2512 1004 2).
2616 927 2741 992 Dio
2815 927 3022 1009 Chry-

475 1051 819 1112 sostomos
903 1048 1250 1111 oratorem
1341 1047 1424 1111 de
1495 1047 1775 1111 Euboea
1847 1048 1975 1111 hoc
2048 1046 2250 1111 modo
2322 1046 2731 1126 loquentem
2806 1044 3019 1111 facit:

477 1212 493 1228 .
524 1211 539 1228 .
570 1212 631 1229 ..
664 1155 958 1252 σχεδόν
1024 1187 1100 1228 τι
1175 1160 1272 1230 τά
1344 1153 1481 1230 δύο
1554 1164 1741 1249 μέρη
1797 1169 1928 1245 τῆς
1977 1161 2247 1251 χώρας
2293 1160 2513 1246 ήμῶν
2562 1157 2807 1252 ἔρημά
2859 1155 3024 1230 ἐστι

475 1276 579 1350 δι’
652 1279 1014 1372 ἀμέλειάν
1079 1306 1150 1350 τε
1200 1280 1336 1351 καὶ
1384 1279 2049 1375 ὀλιγανθρωπίαν.
2100 1278 2310 1374 κάγὼ
2359 1280 2604 1350 πολλοὶ
2651 1284 3027 1369 κέκτημαι

475 1400 789 1495 πλέθρα,
871 1399 1105 1494 ὥσπερ
1179 1395 1408 1490 οἶμαι
1481 1402 1620 1472 καὶ
1694 1400 1925 1482 ἄλλος
1968 1427 2142 1483 τις,
2215 1399 2305 1471 ου’
2374 1401 2623 1489 μόνον
2696 1396 2778 1472 ἓν
2862 1412 3026 1485 τοῖς

477 1520 755 1615 ὄρεσιν,
805 1518 1002 1592 ἀλλά
1049 1523 1183 1591 καὶ
1237 1516 1316 1592 ἐν
1370 1530 1536 1603 τοῖς
1586 1514 1957 1604 πεδινοῖς,
2008 1522 2060 1592 ἃ
2107 1525 2182 1590 εἴ
2212 1548 2337 1604 τις
2363 1521 2621 1592 ἐθέλοι
2648 1533 3024 1616 γεωργεῖν,

473 1639 564 1712 ου’
646 1641 900 1731 μόνον
982 1639 1083 1712 ἂν
1166 1651 1448 1736 προῖκα
1537 1634 1780 1728 δοίην,
1878 1640 2077 1714 ἄλλά
2145 1643 2283 1714 καὶ
2349 1641 2714 1737 ἀργύριον
2783 1635 3026 1729 ἡδέως

473 1759 1060 1854 προστελέσαιμι
1090 1762 1165 1852 3).
1256 1767 1711 1848 Temporibus
1798 1768 2140 1833 Hadriani
2217 1768 2450 1851 inopia
2521 1769 3023 1850 operariorium

475 1887 897 1952 rusticorum
949 1890 1193 1952 vastae
1241 1890 1471 1953 terrae
1520 1888 1678 1970 plus
1729 1906 1939 1968 quam
1990 1889 2228 1954 decem
2251 1907 2475 1954 annos
2501 1890 2811 1955 incultae
2845 1890 3023 1971 Jace·

475 2007 644 2071 bant
672 2002 743 2082 ⁴).
795 2007 1002 2071 Anno
1059 2007 1181 2071 193
1231 2007 1571 2072 Pertinax
1620 2009 1995 2088 unicuique
2040 2014 2192 2073 tota
2215 2008 2421 2073 Italia
2447 2009 2614 2073 etin
2644 2009 3024 2091 provinciis

481 2125 800 2206 permisit
848 2128 928 2189 ut
975 2142 1179 2205 agros
1228 2125 1555 2208 incultos„
1605 2127 1884 2191 etiamsi
1934 2128 1991 2190 si
2040 2129 2245 2192 erant
2295 2127 2758 2209 imperatorie,
2808 2128 3024 2208 possi-

475 2242 702 2309 deret:
753 2243 964 2308 simul
1014 2243 1398 2308 dominium
1444 2244 1596 2324 agri
1643 2245 2051 2324 acquirebat
2099 2246 2221 2325 qui
2270 2262 2430 2310 eum
2457 2249 2925 2327 occupaverat
2950 2241 3020 2321 ⁵).

365 2337 374 2346 ⁸
475 2360 727 2426 Postea
781 2361 967 2443 „agri
997 2362 1302 2426 deserti”
1330 2362 1613 2426 assidua
1640 2379 1806 2427 cura
1831 2362 2122 2428 fuerunt
2147 2364 2377 2443 legum
2408 2364 2910 2445 imperatorum
2936 2359 3021 2446 6);

473 2482 763 2560 apparet
834 2479 1265 2561 temporibus
1338 2479 1629 2545 Honorii
1701 2482 1995 2547 528042
2054 2482 2303 2562 jugera
2351 2482 2644 2546 tributis
2694 2487 3024 2563 exempta

471 2597 687 2662 fuisse
759 2598 1006 2677 utpote
1056 2597 1334 2662 deserta
1362 2595 1430 2678 ⁷).
1489 2597 2032 2664 Valentinianus
2083 2601 2307 2665 denuo
2354 2600 2666 2680 loquitur
2714 2600 2796 2664 de
2852 2601 3021 2684 „hac

472 2715 619 2795 ipsa
665 2715 957 2779 raritate
1007 2715 1453 2780 colonorum''
1481 2712 1553 2792 ⁸).

558 2831 742 2899 Huic
788 2833 1061 2915 inopiae
1107 2832 1494 2899 identidem
1546 2834 2004 2916 imperatores
2051 2852 2408 2901 occurrere
2450 2836 2885 2902 conabantur
2923 2813 3026 2901 ita

468 2956 549 3016 ut
606 2952 938 3016 barbaros
997 2951 1068 3016 in
1128 2952 1438 3018 Romano
1507 2953 1654 3018 solo
1726 2953 2265 3019 constituerent.
2331 2954 2608 3020 Primus
2657 2957 3025 3036 Augustus

468 3071 692 3136 40000
757 3068 1125 3134 Germanis
1171 3071 1375 3135 sedes
1422 3072 1818 3153 assignavit
1859 3073 1930 3136 in
1981 3071 2209 3137 Gallia
2234 3068 2305 3151 9).
2372 3073 2645 3137 Marcus
2694 3072 3025 3137 Aurelius

468 3188 989 3253 Marcomannos
1038 3188 1311 3253 deditos
1359 3190 1429 3253 in
1478 3189 1756 3255 Italiam
1793 3190 2113 3255 traduxit
2135 3186 2233 3267 ¹⁰).
2272 3191 2696 3256 Aurelianus
2720 3190 3024 3255 familias

538 3452 577 3515 ¹)
615 3452 768 3508 Plin.
805 3452 990 3521 Epist.
1029 3451 1162 3506 VII.
1199 3452 1285 3507 30.
1320 3453 1370 3508 3.

535 3541 576 3605 ¹)
673 3582 698 3609 „
881 3581 906 3609 ,‚
1027 3539 1134 3594 111.
1173 3540 1254 3595 19.
1292 3540 1342 3594 7.

535 3626 574 3695 ⁸)
612 3625 721 3682 Dio
757 3626 998 3695 Chryst.
1036 3626 1199 3682 Orat.
1237 3625 1372 3682 VH.
1407 3627 1498 3682 34.

534 3714 576 3777 ⁴)
617 3712 965 3769 Sonut‘rns.
1002 3713 1258 3769 Hermes
1295 3713 1529 3770 XXIX.
1565 3728 1621 3782 p.
1659 3715 1780 3770 204.

535 3800 575 3869 ⁸)
613 3799 1010 3856 Herodianus.
1049 3800 1127 3856 II.
1164 3803 1215 3855 4.
1250 3802 1303 3856 6.

534 3888 577 3953 ο)
618 3886 766 3942 Vide
804 3886 862 3943 C.
899 3887 951 3943 J.
991 3887 1100 3942 XI.
1135 3889 1223 3942 59.

533 3972 573 4042 ⁷)
611 3974 672 4028 L.
709 3975 759 4029 2.
796 3974 855 4029 C.
893 3973 1000 4030 Th.
1037 3974 1145 4029 XI.
1182 3974 1268 4030 28.
1304 3974 1386 4030 Cf.
1422 3974 1606 4044 June,
1643 3975 2503 4044 Bevolkerungsverhaltnisse
2541 3977 2648 4032 des
2680 3978 3021 4035 romischen

466 4059 735 4117 ReicheS.
773 4061 1014 4117 Wiener
1050 4062 1331 4117 Studien.
1368 4062 1414 4117 I.
1449 4077 1506 4131 p.
1544 4063 1664 4118 194.

534 4147 573 4207 ⁸)
612 4147 760 4203 Nov.
799 4148 927 4204 Val.
966 4148 1194 4204 XVIII.
1227 4151 1262 4217 g
1301 4149 1352 4205 8.

535 4234 574 4299 ⁹)
616 4235 781 4291 Suet.
825 4234 949 4290 Tib.
985 4236 1036 4291 9.
1074 4234 1430 4292 Germanico
1466 4239 1570 4302 (sc.
1606 4236 1782 4302 bello)
1819 4237 2220 4306 quadraginta
2254 4238 2419 4293 milia
2454 4237 2871 4294 dediticiorum
2909 4239 3019 4293 tra-

457 4320 603 4387 jecit
654 4323 717 4377 in
774 4321 1026 4378 Galliam
1075 4324 1375 4391 juxtaque
1431 4324 1625 4391 ripam
1663 4324 1857 4379 Rheni
1908 4324 2152 4379 sedibus
2198 4326 2521 4394 assignatis
2556 4325 2912 4381 conlocavit:
2952 4325 3023 4382 cf.

465 4407 703 4477 Eutrop.
747 4408 880 4464 VII.
918 4410 1023 4465 9..
1054 4451 1065 4464 .
1092 4452 1105 4464 .
1140 4425 1258 4478 quo
1298 4410 1449 4466 bello
1486 4410 1594 4465 XL
1631 4411 2005 4479 captivorum
2042 4411 2207 4467 milia
2243 4426 2320 4467 ex
2357 4412 2676 4469 Germania
2712 4414 3026 4468 transtulit

463 4496 524 4550 et
557 4509 739 4564 supra
776 4496 965 4565 ripam
1004 4496 1200 4551 Rheni
1236 4497 1298 4553 in
1339 4497 1531 4553 Gallia
1569 4497 1926 4553 conlocavit.

535 4583 596 4651 ¹⁰)
631 4582 664 4637 J
672 4584 750 4638 ul.
804 4584 987 4652 Capit.
1041 4584 1210 4640 Marc.
1250 4586 1318 4639 22
1357 4586 1608 4654 Accepit
1640 4585 1702 4640 in
1741 4585 2106 4641 deditionem
2147 4586 2612 4655 Marcomann08‚
2648 4586 2923 4655 plurimis
2956 4588 3020 4643 in

463 4668 697 4725 Italiam
759 4671 1079 4726 traductis:
1145 4672 1218 4727 cf.
1274 4672 1342 4726 24
1415 4673 1800 4740 Aequitatem
1857 4673 2041 4727 etiam
2097 4673 2253 4728 circa
2306 4676 2514 4742 captos
2568 4674 2776 4729 hostes
2828 4675 3020 4731 custo·

462 4757 636 4824 divit3
696 4757 967 4814 infinitos
1031 4774 1109 4814 ex
1171 4760 1454 4827 gentibus
1514 4760 1575 4815 in
1633 4760 1902 4816 Romano
1964 4760 2090 4816 solo
2152 4760 2481 4817 collocavit.
2532 4762 2614 4817 Cf.
2665 4761 2848 4818 etiam
2907 4761 3014 4817 Dio

379 4886 394 4903 .
465 4842 622 4900 CaSS.
657 4846 742 4900 71.
782 4845 866 4900 11.
