3770 5738
2036 487 2121 551 56

803 685 962 749 vieh
1012 684 1152 750 und
1202 685 1471 750 zuletzt
1518 687 1703 750 dann
1752 688 1931 751 auch
1980 686 2157 751 noch
2209 685 2318 750 die
2368 685 2671 750 Colonen
2719 684 3105 765 gleichfalls
3151 690 3346 750 unter

803 803 1294 884 Bezeichnung
1352 821 1488 868 von
1560 805 1827 868 Namen
1879 805 2021 868 und
2075 804 2277 868 Alter
2327 822 2402 868 so
2455 804 2588 868 wie
2636 806 2846 868 unter
2901 804 3188 885 Angabe
3234 805 3349 869 der

801 916 1087 1009 χωρία,
1137 921 1402 987 welche
1451 923 1551 987 sie
1597 922 1727 987 auf
1748 923 1868 987 der
1901 913 2265 987 δεσποτιά
2295 924 2679 987 bewohnen
2712 918 2779 1004 ¹),
2813 923 2947 987 und
2977 923 3096 988 des
3121 922 3348 1005 ViehS,

804 1042 1107 1106 welches
1154 1041 1256 1106 sie
1299 1042 1409 1107 bei
1459 1042 1607 1106 sich
1659 1043 1951 1106 haben.’'
1996 1043 2220 1107 Juxta
2269 1044 2487 1122 igitur
2534 1060 2747 1124 pecus
2771 1045 2844 1106 et
2870 1060 3113 1108 servos
3137 1043 3351 1107 coloni

803 1160 914 1224 hic
987 1163 1486 1240 memorantur,
1545 1179 1683 1242 pro
1755 1162 1993 1242 quibus
2061 1162 2330 1226 tributa
2402 1161 2741 1226 solvenda
2811 1162 3001 1225 sunt.
3076 1160 3168 1225 Hi
3218 1178 3349 1226 non

804 1280 1016 1343 erunt
1062 1278 1131 1357 ii,
1180 1279 1297 1359 qui
1348 1279 1419 1341 in
1469 1278 1543 1342 L.
1601 1280 1701 1342 19.
1755 1278 1825 1343 C.
1870 1279 1932 1343 J.
1981 1279 2106 1343 XI.
2159 1281 2265 1343 48.
2316 1281 2661 1344 vocantur
2714 1278 3129 1361 „libericum
3153 1280 3353 1343 rebus

804 1395 1021 1478 51115,”
1088 1413 1221 1460 11011
1273 1397 1459 1460 6111111
1508 1395 1780 1461 solvere
1830 1398 1989 1476 quis
2037 1397 2244 1462 debet
2293 1415 2415 1478 pro
2461 1398 2547 1462 iis
2595 1414 2772 1479 quae
2821 1414 2955 1462 non
3008 1396 3351 1478 possidet;

805 1514 855 1579 ii
902 1517 1142 1579 autem
1191 1516 1420 1596 6111111,
1472 1531 1768 1593 quorum
1818 1516 2170 1596 peculium
2221 1516 2289 1579 in
2341 1516 2583 1581 eadem
2633 1516 3142 1581 constitutione
3189 1515 3351 1580 etin

806 1632 983 1698 Nov.
1029 1631 1212 1697 Just.
1244 1631 1512 1697 CLXII.
1555 1650 1699 1713 cap.
1731 1633 1769 1696 2
1798 1633 2057 1698 dicitur
2082 1651 2237 1699 esse
2263 1634 2722 1713 dominorum,
2749 1635 2793 1697 i.
2821 1651 2878 1698 6.
2905 1632 3352 1714 adscripticii.

806 1751 1258 1831 Adscripticii
1304 1750 1521 1829 igitur
1567 1753 1736 1815 sunt
1782 1753 1997 1831 atque
2046 1751 2491 1833 appellantur
2539 1753 2586 1816 ii
2613 1736 3353 1833 coloniqui,'quoniam

805 1869 1158 1950 peculium
1226 1868 1662 1933 dominorum
1731 1872 1861 1951 est,
1926 1871 1994 1934 in
2047 1871 2292 1935 horum
2342 1869 2497 1935 albo
2547 1870 2881 1950 censuali,
2924 1869 3138 1949 juxta
3180 1868 3355 1934 alias

803 2005 937 2068 165,
1007 1987 1345 2067 adscripti
1415 1990 1604 2052 sunt.
1676 1988 1922 2069 Itaque
1994 2006 2130 2053 non
2202 1988 2382 2053 tales
2452 1991 2641 2067 sunt,
2717 1989 2833 2069 qui
2907 1988 3038 2068 ipsi
3090 1988 3354 2052 tributa

804 2106 1116 2187 solvunt,
1167 2105 1289 2169 sed
1320 2123 1458 2186 pro
1507 2107 1746 2187 quibus
1790 2108 1961 2171 haec
2011 2107 2407 2171 solvuntur.

895 2224 957 2287 3.
1036 2225 1349 2290 Tertium
1441 2227 1554 2290 est
1639 2225 2036 2306 discrimen,
2126 2225 2244 2289 sed
2336 2225 2559 2290 multo
2646 2226 2936 2291 minoris
3006 2223 3354 2307 ponderiS,

807 2343 1253 2408 matrimonia
1323 2344 1510 2409 inter
1581 2344 2069 2425 adscripticios
2140 2348 2213 2408 et
2289 2344 2618 2408 mulieres
2684 2344 2939 2408 liberas
3004 2343 3356 2408 interdum

804 2461 1035 2525 vetita
1120 2462 1339 2527 fuisse
1367 2459 1438 2539 ²),
1524 2479 1946 2542 quamquam
2018 2461 2415 2542 hujusmodi
2487 2462 2947 2527 interdictum
3017 2461 3201 2541 quod
3274 2460 3357 2524 de

804 2578 962 2644 aliis
1032 2579 1295 2644 colonis
1367 2580 1672 2645 valuerit
1742 2597 2089 2660 nusquam
2161 2582 2425 2645 mentio
2502 2579 2601 2644 fit.
2651 2578 2876 2660 Supra
2920 2581 3166 2644 autem
3207 2578 3354 2656 jam

803 2696 1432 2761 animadvertimus
1506 2697 1678 2762 illud
1750 2698 2227 2778 interdictum,
2301 2700 2382 2762 ut
2454 2714 2541 2762 ex
2617 2697 2864 2761 multis
2922 2696 3363 2762 constitutio·

803 2816 1009 2880 nibus
1081 2816 1163 2881 de
1234 2816 1635 2882 condicione
1709 2817 2083 2881 liberorum
2145 2817 2262 2896 qui
2313 2834 2401 2881 ex
2449 2816 2846 2897 huJusmodi
2894 2814 3364 2881 matrimoniis

804 2936 1007 2999 erant
1075 2935 1227 2998 nati
1302 2937 1612 3015 apparet,
1697 2935 1813 2997 vix
1864 2952 2141 3014 semper
2188 2937 2550 2998 servatum
2598 2951 2772 2998 esse.
2825 2931 3092 2999 Notatu
3145 2935 3364 2998 etiam

803 3051 1090 3131 dignum
1163 3053 1272 3116 est
1342 3052 1523 3133 apud
1595 3052 2081 3133 adscripticios
2150 3069 2423 3132 quoque
2494 3052 2578 3116 de
2621 3052 3066 3117 matrimonio
3118 3068 3363 3117 60111111

802 3186 1195 3234 5611110116111
1244 3188 1399 3234 6556
1427 3167 1498 3250 3),
1549 3171 1729 3250 quod
1782 3173 1863 3234 ut
1911 3175 2156 3235 notum
2185 3170 3360 3250 65156111151100615196111115511111.

894 3289 956 3351 4.
1008 3288 1367 3352 Postremo
1416 3288 1565 3352 loco
1615 3288 1783 3352 illud
1830 3288 2201 3352 discrimen
2230 3288 2582 3352 observari
2610 3290 2846 3368 potest
2869 3287 3362 3369 adscripticms

804 3407 1160 3470 licentiam
1234 3423 1371 3470 non
1418 3406 1746 3470 habuisse
1795 3409 1875 3470 ut
1939 3406 2197 3482 domini
2250 3423 2500 3470 nomen
2553 3405 2905 3470 deferrent
2931 3400 3003 3482 4),
3055 3407 3362 3487 praeter-

802 3540 1010 3604 quam
1081 3524 1142 3586 si
1188 3526 1315 3588 aut
1364 3540 1631 3588 merces
1681 3541 1921 3588 eorum
1971 3528 2218 3589 contra
2257 3525 2374 3604 jus
2422 3526 2799 3603 augeretur
2845 3528 2972 3587 aut
3021 3523 3094 3587 in
3146 3540 3364 3588 causa

803 3641 1084 3723 publica
1152 3659 1313 3706 eum
1384 3644 1803 3707 accusarent
1830 3638 1920 3722 ⁵);
1994 3643 2137 3707 tale
2186 3642 2641 3707 interdictum
2693 3643 3037 3722 quantum
3090 3642 3364 3706 scimus

874 3801 912 3869 ¹)
952 3799 1228 3856 Vidimus
1273 3800 1401 3868 Jam
1456 3801 1697 3856 colonos
1752 3815 1872 3855 non
1929 3801 2002 3854 ad
2060 3802 2254 3855 totum
2311 3799 2699 3855 latifundium
2757 3799 3074 3874 pertinere,
3130 3798 3240 3854 sed
3289 3798 3364 3854 ad

801 3890 1034 3957 partem
1090 3889 1240 3956 ejuS,
1295 3888 1369 3943 ad
1426 3889 1658 3944 certum
1722 3889 2021 3956 quoddam
2060 3889 2403 3958 praedium3
2442 3887 2514 3942 cf.
2552 3887 2614 3941 L.
2651 3887 2702 3941 7.
2740 3886 2799 3941 C.
2834 3885 2888 3941 J.
2926 3886 3035 3942 XI.
3070 3887 3173 3955 «18;
3212 3886 3367 3942 Nov.

801 3974 931 4030 Val.
969 3975 1255 4030 XXXIV
1297 3978 1329 4043 5
1369 3976 1461 4041 18;
1501 3976 1562 4030 L.
1604 3977 1684 4030 13.
1720 3978 1754 4044 ἓ
1792 3977 1839 4031 1.
1878 3977 1942 4031 C.
1975 3977 2026 4032 J.
2066 3976 2173 4031 XI.
2210 3977 2296 4031 48.

870 4065 911 4128 2)
950 4064 1096 4118 Nov.
1133 4062 1290 4118 Just.
1328 4063 1530 4118 XXII.
1568 4078 1693 4132 cap.
1733 4065 1815 4118 17.
1850 4064 2250 4132 Adscripticio
2286 4065 2490 4118 autem
2511 4063 2703 4117 alieno
2723 4062 2947 4117 nubere
2963 4061 3219 4117 liberam
3242 4076 3366 4118 non

798 4150 941 4205 licet
974 4163 1168 4218 neque
1205 4150 1519 4217 ignorante
1558 4165 1753 4218 neque
1791 4152 2022 4206 sciente
2060 4165 2251 4218 neque
2289 4151 2706 4204 consentiente
2746 4162 3104 4217 possessore.

868 4237 914 4298 ⁸)
951 4237 1098 4292 Nov.
1136 4236 1295 4291 Just.
1334 4235 1537 4291 XXII.
1574 4252 1699 4306 cap.
1739 4238 1821 4292 17.
1858 4238 2006 4292 Nov.
2047 4236 2207 4292 Just.
2246 4236 2478 4292 CLXII.
2515 4251 2638 4304 cap.
2675 4236 2724 4290 2.

866 4324 909 4387 ⁴)
946 4323 1113 4378 Alios
1150 4323 1395 4391 quidem
1433 4337 1565 4378 reos
1601 4323 1792 4379 facere
1830 4328 2163 4392 potuerunt
2198 4323 2375 4390 (vide,
2411 4337 2466 4392 p.
2501 4323 2571 4378 74
2608 4324 2786 4391 sqq).
2811 4336 2928 4390 quo
2948 4336 3168 4378 rursus
3188 4322 3367 4378 valde

800 4408 1088 4465 differunt
1123 4426 1158 4464 a
1195 4411 1402 4465 servis.
1438 4411 1523 4476 (L.
1559 4412 1611 4466 6.
1650 4410 1706 4465 C.
1746 4410 1797 4465 J.
1836 4411 1944 4465 III.
1984 4413 2030 4466 1.
2071 4411 2294 4466 Servus
2330 4409 2633 4477 injudicio
2658 4410 2950 4464 interesse
2976 4422 3096 4464 non
3119 4411 3368 4478 potest.)

869 4497 909 4560 ⁸)
948 4497 1009 4551 L.
1045 4498 1096 4551 2.
1131 4497 1189 4551 C.
1223 4497 1275 4552 J.
1315 4498 1421 4552 XI.
1458 4499 1542 4552 50.
1584 4499 2058 4565 ....Quominus
2112 4500 2207 4552 est
2251 4498 2580 4563 ferendum,
2622 4499 2690 4553 ut
2725 4497 2827 4564 (sc.
2867 4496 3155 4550 censibus
3193 4497 3366 4552 dum·

800 4586 972 4638 taxat
1026 4585 1330 4654 adscripti)
1369 4600 1471 4640 eos
1508 4586 1772 4641 audeant
1807 4586 1914 4640 lite
1951 4587 2208 4653 pulsare,
2247 4601 2282 4640 a
2319 4584 2539 4653 quibus
2575 4585 2736 4653 ipsos
2775 4584 2983 4650 utpote
3020 4598 3056 4638 a
3094 4585 3370 4640 dominis

798 4686 921 4725 una
971 4685 1109 4725 cum
1166 4673 1649 4740 possessionibus
1704 4673 1956 4726 distrahi
2011 4686 2185 4740 posse
2223 4672 2471 4727 dubium
2513 4685 2631 4725 non
2671 4672 2779 4725 est.
2819 4670 3008 4737 Quam
3048 4671 3122 4724 de
3163 4674 3370 4726 cetero

795 4757 1099 4812 licentiam
1144 4760 1595 4825 submovemus,
1635 4774 1709 4813 ne
1747 4760 1881 4826 quis
1919 4759 2140 4814 audeat
2177 4758 2401 4814 domini
2439 4760 2501 4812 in
2532 4758 2758 4825 judicio
2796 4771 3016 4812 nomen
3039 4757 3368 4820 lacessere,

797 4845 859 4899 et
911 4845 1088 4913 cujus
1140 4845 1251 4914 ipsi
1307 4847 1471 4915 sunt,
1522 4845 1795 4914 ejusdem
1852 4846 2057 4901 omnia
2105 4860 2216 4902 sua
2253 4860 2384 4901 esse
2424 4851 2803 4915 cognoscant.
2839 4843 2989 4899 Cum
3025 4844 3200 4900 enim
3237 4858 3367 4901 sae·
