3770 5738
1974 477 2059 544 54

854 676 916 740 2.
985 675 1313 741 Alterum
1382 677 1732 758 peculiare
1802 694 1937 759 quo
2004 677 2432 760 adscripticii
2503 695 2545 742 a
2614 677 2874 742 colonis
2945 676 3312 742 ordinariis

759 794 1112 876 differunt,
1183 811 1271 859 ex
1320 796 1597 860 nomine
1651 796 1798 876 jam
1848 796 2306 860 derivandum
2356 797 2486 860 est.
2540 795 3050 876 Adscripticius
3095 795 3313 877 adjec-

759 912 990 978 tivum
1059 916 1171 978 est
1239 914 1589 994 participii
1638 914 2037 996 adscriptus
2069 910 2134 995 1),
2192 914 2292 992 (cf
2333 914 2707 979 dediticius
2757 914 2839 986 ‘—,
2890 914 3195 990 deditus)
3243 924 3315 979 et

756 1030 1148 1096 adscribere
1194 1032 1546 1112 significat
1594 1032 1807 1112 juxta
1853 1033 2044 1098 aliud
2096 1033 2260 1114 quid
2311 1034 2611 1097 scribere
2639 1029 2716 1114 2),
2765 1032 2925 1097 dein
2945 1033 3015 1097 in
3043 1033 3314 1097 univer·

756 1166 948 1214 sum:
1019 1150 1397 1231 adjungere
1424 1145 1495 1225 3).
1571 1150 1923 1232 Quomodo
1991 1151 2417 1232 adscripticii
2467 1150 2885 1231 significatio
2936 1150 3319 1216 derivanda

755 1267 852 1332 sit
921 1260 1242 1333 bifariam
1310 1269 1560 1350 conjici
1630 1272 1885 1349 potest.
1945 1270 2023 1334 In
2073 1269 2342 1351 legibus
2389 1270 2869 1334 memorantur
2918 1268 3318 1353 „praedium

758 1387 868 1452 cui
917 1389 1153 1452 certus
1200 1386 1421 1468 plebis
1468 1404 1801 1452 numerus
1850 1388 2246 1469 adscriptus
2294 1387 2452 1451 est”
2482 1382 2570 1467 4“);
2618 1387 3002 1471 „possessio
3028 1387 3138 1452 cui
3164 1387 3320 1468 quis

757 1521 997 1569 eorum
1043 1504 1277 1570 fuerat
1327 1504 1770 1586 adscriptus’'
1801 1501 1872 1588 ⁵),
1931 1507 2148 1589 „vicis
2173 1506 2555 1587 adscripti”
2585 1500 2654 1582 ὃ).
2705 1506 3079 1571 Putaverit
3102 1505 3322 1586 igitur

757 1622 1013 1702 aliquis
1076 1622 1497 1687 vocabulum
1563 1624 1649 1688 ab
1716 1624 1843 1689 hoc
1913 1641 2046 1689 usu
2106 1624 2501 1688 derivatum
2569 1640 2723 1689 esse
2771 1626 2844 1688 et
2890 1623 3316 1704 significare:

756 1739 1172 1820 adjunctum
1242 1740 1349 1819 ad,
1424 1741 1788 1821 pertinens
1839 1741 1949 1805 ad.
2000 1739 2132 1806 Sed
2184 1743 2354 1806 tunc
2404 1741 2525 1805 illa
2571 1741 3044 1806 denominatio
3087 1722 3320 1806 valere

757 1858 1003 1923 debuit
1073 1858 1156 1923 de
1231 1859 1553 1923 omnibus
1600 1858 1865 1924 colonis
1913 1859 2104 1924 nullo
2152 1862 2488 1941 except03
2538 1875 2612 1923 re
2662 1876 2829 1924 vora
2872 1862 3112 1924 autem
3159 1876 3322 1940 pars

760 1979 1043 2042 tantum
1084 1994 1320 2042 eorum
1375 1977 1477 2041 ita
1525 1982 1839 2042 vocatur.

854 2095 1112 2160 Tamen
1210 2096 1426 2160 etiam
1500 2096 1758 2160 dicitur
1866 2097 1944 2160 in·
2023 2096 2293 2177 legibus
2381 2096 2746 2179 „censibus
2834 2095 3221 2176 adscripti”
3251 2091 3320 2176 ⁷),
3409 2166 3410 2169 ,

765 2213 1061 2297 „publici
1111 2230 1363 2278 census
1424 2214 1848 2295 adscriptio’'
1878 2211 1964 2295 8);
2013 2214 2192 2295 quod
2247 2214 2304 2278 si
2334 2215 2617 2295 301111113,
2644 2215 2748 2280 ita
2771 2231 2889 2279 eos
2915 2213 3149 2278 vocari
3175 2212 3322 2278 veri

759 2332 988 2397 simile
1058 2332 1358 2412 videtur,
1430 2333 1757 2413 quoniam
1822 2333 1892 2396 in
1964 2333 2121 2413 albo
2194 2349 2447 2397 census
2516 2335 2687 2397 sunt
2728 2332 3066 2413 inscripti,
3110 2330 3326 2412 Juxta

760 2450 937 2514 alios
1014 2450 1374 2532 adscripti.
1454 2449 1575 2514 Sin
1661 2452 1901 2515 autem
1986 2450 2146 2514 huic
2219 2451 2784 2531 interpretationi
2861 2467 2997 2515 non
3079 2449 3324 2514 eadem

762 2568 1233 2633 adversantur
1302 2586 1383 2633 ac
1447 2569 1682 2650 priori,
1754 2568 2024 2667 scilicet
2095 2585 2343 2633 nomen
2400 2571 2571 2633 tunc
2619 2568 2702 2632 ad
2753 2585 2996 2633 omnes
3044 2567 3325 2633 colonos

769 2687 1124 2768 pertinere
1195 2687 1466 2769 debere,
1538 2704 1822 2752 necesse
1895 2689 2005 2752 est
2076 2687 2357 2751 colonos
2426 2686 2645 2751 fuisse
2678 2687 2972 2768 quinon
3019 2685 3348 2751 censibus

764 2804 1101 2888 adscripti
1171 2807 1430 2871 essent.
1480 2804 1672 2869 Idem
1716 2808 2010 2887 apparet
2058 2822 2145 2871 ex
2199 2805 2349 2887 lege
2396 2804 2680 2871 Arcadii
2727 2806 2800 2869 et
2849 2804 3141 2869 Honorii
3190 2811 3325 2869 sta·

766 3009 819 3063 ei
876 3009 1160 3077 parentes
1212 3008 1531 3076 utriusque
1568 3022 1755 3063 sexus
1792 3008 1902 3082 vel,
1924 3008 2094 3062 liberi
2133 3007 2226 3063 vel
2261 3008 2313 3063 si
2350 3007 2452 3076 qui
2489 3007 2832 3076 agnationis
2869 3008 3327 3075 cognationisve

760 3096 897 3164 jure
943 3096 1293 3163 junguntur
1340 3095 1435 3150 vel
1491 3109 1646 3150 uxor
1698 3095 1992 3162 extiterit,
2049 3096 2219 3161 bona,
2255 3109 2408 3163 quae
2444 3095 2519 3149 ad
2557 3109 2697 3149 eum
2735 3095 2827 3150 vel
2866 3094 2940 3149 ad
2980 3109 3112 3150 eam
3149 3096 3328 3164 perti·

768 3184 1031 3251 nuerint,
1084 3184 1503 3238 sacrosanctae
1563 3183 1845 3238 ecclesiae
1902 3183 1996 3238 vel
2050 3184 2434 3252 monasterio,
2474 3183 2571 3238 0111
2608 3182 2806 3238 fuerat
2842 3182 3184 3238 destinatus
3221 3185 3331 3239 aut

770 3271 1089 3338 destinata,
1151 3269 1531 3326 omnifariam
1598 3271 1920 3325 socientur.
1989 3270 2274 3338 Exceptis
2343 3271 2436 3324 1113
2487 3269 2892 3332 facultatibus,
2958 3284 3108 3338 quas
3172 3268 3330 3325 forte

768 3359 1052 3413 censibus
1087 3357 1370 3426 adscripti
1406 3358 1501 3413 vel
1530 3357 1654 3423 juri
1690 3359 2045 3425 patronatus
2080 3357 2334 3423 subjecti
2378 3356 3328 3412 1101011113ὶί00111110101110111101111

768 3445 960 3500 clerici
1012 3444 1105 3499 vel
1152 3444 1427 3499 monachi
1477 3445 1915 3512 quuscumque
1957 3458 2144 3498 sexus
2178 3444 2569 3511 1·elinquunt;
2610 3458 2717 3498 nec
2761 3444 2924 3498 enim
2954 3444 3196 3510 justum
3235 3445 3332 3498 est

768 3532 924 3587 bona
977 3546 1085 3586 seu
1140 3531 1389 3599 peculia,
1444 3546 1596 3599 quae
1644 3534 1750 3586 aut
1789 3532 2043 3600 patrono
2081 3530 2312 3598 legibus
2349 3531 2644 3585 debentur
2679 3534 2787 3585 aut
2822 3529 3065 3585 domino
3101 3545 3331 3599 posses·

769 3619 971 3686 3101113,
1021 3620 1116 3674 0111
1166 3619 1302 3687 quis
1349 3633 1557 3673 eorum
1596 3617 1792 3673 fuerat
1826 3619 2182 3686 adscriptus
2220 3619 2329 3672 aut
2364 3617 2436 3672 ad
2475 3618 2674 3672 curias
2711 3631 2815 3686 pro
2853 3619 3061 3672 tenore
3095 3617 3330 3673 dudum

768 3707 923 3761 latae
969 3706 1424 3761 constitutionis
1473 3706 1586 3760 sub
1636 3708 1801 3760 certa
1852 3704 2044 3760 forma
2093 3706 2389 3774 pertinere
2428 3708 2780 3772 noscuntur,
2817 3705 2890 3759 ab
2927 3705 3200 3760 ecclesiis
3239 3705 3334 3760 vel

770 3794 1150 3848 monasteriis
1186 3793 1457 3848 detineri.

841 3882 879 3945 ι)
916 3880 1114 3936 Semel
1151 3881 1380 3935 mentio
1418 3880 1488 3935 fit
1523 3878 1872 3935 colonorum
1913 3879 2371 3948 adscriptorum.
2408 3879 2473 3933 L.
2510 3879 2594 3932 17.
2631 3877 2689 3933 C.
2729 3877 2836 3933 Th.
2875 3878 2952 3933 X.
2986 3879 3072 3933 20.

836 3970 875 4032 2)
912 3968 1119 4024 Livius
1173 3967 1378 4023 scribit
1423 3968 1607 4034 juxta
1662 3966 1990 4035 „deducere
2047 3966 2322 4021 colonos’'
2379 3966 2562 4021 etiam
2619 3965 2989 4036 „adscribere
3028 3965 3330 4022 colonos”.

766 4055 1054 4120 (XXXII.
1089 4056 1140 4110 7.
1176 4056 1234 4109 3:
1276 4053 1534 4109 XXXV.
1568 4053 1620 4108 9.
1656 4053 1731 4116 8.)

837 4142 878 4207 ⁸)
898 4143 979 4198 Eo
997 4156 1180 4197 3011311
1201 4141 1615 4210 adscripticius
1636 4141 1823 4195 semel
1843 4141 2100 4195 occurrit
2117 4141 2275 4208 apud
2297 4139 2414 4194 Cic.
2433 4139 2516 4194 De
2540 4154 2649 4195 rer.
2669 4141 2790 4194 nat.
2811 4139 2920 4194 ΙΙΙ.
2940 4153 3065 4209 cap.
3087 4140 3172 4195 15.
3190 4142 3225 4207 ς
3245 4140 3336 4195 39.

766 4231 869 4286 fin.
890 4230 1026 4285 Jam
1046 4230 1264 4285 veroin
1285 4228 1532 4283 Graecia
1549 4227 1777 4282 multos
1795 4227 2023 4283 habent
2034 4241 2110 4282 ex
2124 4227 2471 4281 hominibus
2485 4227 2651 4282 deos,
2670 4268 2682 4281 .
2701 4245 2742 4292 .;
2778 4227 3106 4282 Romulum
3119 4228 3338 4290 nostri,

767 4318 1032 4386 aliosque
1051 4317 1404 4385 complureS,
1422 4330 1573 4384 quos
1592 4315 1761 4383 quasi
1779 4329 1968 4370 novos
1981 4316 2044 4369 et
2055 4314 2466 4382 adscripticios
2479 4315 2494 4368 i
2506 4330 2539 4368 n
2556 4314 2791 4368 caelum
2807 4316 3076 4382 receptos
3089 4316 3332 4383 putant.

836 4406 881 4472 ⁴)
918 4404 979 4458 L.
1017 4405 1104 4459 26.
1140 4404 1197 4458 C.
1237 4402 1343 4457 Th.
1382 4402 1490 4457 XI.
1527 4405 1576 4458 1.

840 4492 882 4554 ⁸)
922 4491 984 4546 L.
1022 4492 1069 4545 1.
1109 4490 1168 4545 C.
1206 4489 1312 4545 Th.
1352 4489 1422 4544 V.
1457 4489 1509 4544 3.

839 4579 880 4646 ⁸)
917 4578 979 4632 L.
1016 4578 1066 4632 6.
1104 4579 1161 4632 O.
1200 4577 1305 4633 Th.
1344 4576 1450 4631 XI.
1487 4578 1573 4631 24.
1619 4607 1668 4615 -
1715 4575 1822 4642 Qui
1862 4576 1923 4630 in
1959 4575 2069 4632 hac
2089 4575 2220 4642 lege
2241 4574 2470 4630 fuerint
2493 4574 2861 4644 „homologi”
2880 4573 3090 4640 coloni,
3109 4574 3338 4643 optime

766 4665 1090 4733 explicavit
1126 4664 1520 4719 WAszYNsxr.
1560 4663 1664 4718 Die
1702 4662 2109 4730 Bodenpacht‚
2146 4675 2242 4730 pp.
2277 4662 2361 4727 36,
2398 4663 2482 4727 49,
2521 4662 2639 4716 164.

838 4751 879 4817 ⁷)
918 4752 977 4806 L.
1017 4754 1066 4806 1.
1104 4751 1164 4806 C.
1201 4750 1304 4805 Tb.
1346 4751 1415 4805 V.
1452 4751 1509 4817 3;
1552 4750 1614 4805 L.
1655 4750 1720 4804 18
1755 4750 1815 4803 et
1856 4750 1938 4804 19.
1977 4749 2037 4804 C.
2071 4748 2122 4803 J.
2161 4748 2269 4803 XI.
2303 4750 2402 4818 483
2441 4749 2504 4804 L.
2540 4749 2590 4803 2.
2628 4749 2688 4803 O.
2724 4748 2777 4803 J.
2813 4747 2920 4803 XI.
2956 4749 3042 4803 50.

839 4839 879 4906 ⁸)
918 4839 979 4893 L.
1015 4839 1099 4892 22.
1138 4838 1196 4893 C.
1234 4838 1283 4893 J.
1323 4837 1431 4894 XI.
1467 4837 1553 4893 48.
