3770 5738
2001 476 2089 540 96

749 679 980 757 temps
1049 693 1139 741 ou
1209 673 1482 741 Varron
1557 676 1632 738 et
1700 672 2081 738 Columelle
2153 671 2546 737 ecrivaient
2613 672 2801 737 leurs
2876 672 3130 737 traites
3191 688 3314 736 sur

747 794 1247 877 l'agriculture,
1333 795 1408 857 et
1486 791 1667 856 celui
1741 791 1831 857 ou
1903 790 2121 872 Gajus
2192 792 2265 856 et
2338 789 2596 872 Ulpien
2668 791 3053 856 ecrivaient
3123 789 3313 855 leurs

742 913 996 977 traites
1043 930 1164 976 sur
1212 911 1276 976 le
1327 911 1534 975 droit.
1592 908 1786 975 Nous
1835 912 2181 974 trouvons
2230 908 2498 972 durant
2544 911 2750 973 toute
2810 910 2999 973 cette
3028 908 3311 990 periode

750 1048 845 1095 un
893 1030 1323 1094 cultivateur
1369 1045 1504 1109 que
1550 1028 1618 1092 la
1666 1027 1919 1108 langue
1966 1027 2239 1109 appelle
2290 1025 2849 1092 naturellement
2879 1027 3208 1093 colonus'’
3239 1021 3308 1102 ¹).

754 1149 874 1212 En.
919 1148 1178 1213 Mmsnn
1225 1148 1504 1212 scribit:
1562 1146 2035 1230 „Auszerdem
2083 1146 2209 1210 hat
2258 1145 2482 1209 neben
2530 1145 2653 1210 der
2700 1145 3318 1227 Eigenwirtschaft

754 1267 887 1331 mit
933 1265 1445 1347 ungefesselten
1496 1265 1638 1328 und
1688 1262 2108 1344 gefesselten
2160 1261 2468 1328 Sklaven
2518 1263 2765 1328 immer
2789 1264 2898 1328 die
2933 1264 3315 1329 Parzellen·

757 1385 1237 1466 verpachtung
1283 1401 1372 1448 an
1420 1382 1591 1448 freie
1638 1381 1957 1447 Kolonen
2005 1380 2414 1462 bestanden,
2464 1380 2573 1446 die
2623 1381 3004 1446 Columella
3049 1381 3103 1446 I.
3148 1382 3209 1446 7.
3251 1383 3317 1446 6.

754 1503 1184 1568 namentlich
1233 1502 1342 1566 fiir
1367 1500 1783 1582 abgelegene
1811 1498 2310 1564 Grundstiicke
2352 1498 2734 1580 empfiehlt,
2768 1500 2877 1564 die
2916 1499 3039 1564 der
3078 1499 3317 1580 Eigen·

755 1623 986 1712 tumer
1033 1638 1167 1686 nur
1213 1620 1440 1685 selten
1489 1618 1909 1700 inspizieren
1958 1617 2169 1682 kann.
2267 1617 2348 1681 In
2397 1617 2517 1681 der
2566 1617 2958 1682 Kaiserzeit
3003 1617 3319 1699 gewinnt

756 1740 942 1804 dann
1013 1738 1200 1803 diese
1270 1737 1477 1803 Form
1526 1737 1646 1801 der
1694 1735 2344 1815 Bewirtschaftung
2404 1735 2651 1800 immer
2714 1737 2909 1800 mehr
2958 1735 3067 1801 die
3115 1735 3320 1801 Herr-

754 1853 1126 1933 schaft”2).
1223 1856 1313 1920 Et
1381 1855 1466 1920 A.
1541 1853 1943 1919 sonutam:
1976 1905 1988 1919 .
2018 1903 2032 1918 .
2064 1904 2123 1917 ..
2180 1854 2345 1938 „der
2393 1852 2717 1919 italische
2762 1852 3318 1935 Groszgrundbe·

753 1976 891 2040 sitz
940 1975 1222 2040 besteht
1268 1991 1398 2039 aus
1446 1971 2323 2053 Kleinpachtwirtschaft.
2356 2020 2369 2035 .
2400 2020 2414 2035 .
2445 1972 2506 2034 .''
2537 1966 2607 2053 3).
2664 1970 2737 2036 Si
2772 1973 2900 2037 has
2925 1972 3320 2038 sententias

759 2093 1114 2174 componis
1158 2109 1318 2157 cum
1365 2092 1488 2172 eiS,
1537 2107 1714 2171 quae
1763 2106 1979 2171 supra
2027 2089 2359 2154 laudatae
2403 2091 2574 2153 sunt
2619 2094 2708 2170 (p.
2760 2089 2919 2173 83.),
2972 2107 3052 2155 eo
3099 2091 3323 2172 magis

758 2213 1051 2292 apparet
1096 2211 1523 2292 integratam
1569 2209 2100 2289 inquisitionem
2147 2207 2604 2273 nihilominus
2653 2225 3160 2289 supervacuam
3186 2226 3325 2275 non

760 2345 914 2394 esse
941 2324 1011 2406 ⁴).

849 2447 1281 2529 Quamquam
1335 2445 1768 2526 agricultura
1815 2460 1937 2525 per
1985 2442 2238 2508 ultima
2290 2444 2571 2509 saecula
2616 2445 2873 2511 liberae
2901 2445 3323 2527 reipublicae

756 2565 904 2645 jam
979 2582 1113 2630 non
1188 2564 1484 2629 eundem
1554 2579 1918 2628 summum
1989 2561 2220 2626 locum
2267 2562 2631 2628 obtinebat
2677 2579 2758 2628 ac
2806 2566 3040 2645 antea,
3088 2565 3325 2630 tamen

758 2683 975 2748 etiam
1065 2686 1220 2747 tum
1313 2682 1383 2746 in
1477 2683 1736 2747 honore
1829 2683 2002 2745 erat.
2099 2679 2336 2745 Cicero
2430 2680 2686 2745 saltem
2778 2680 3010 2763 eloqui
3090 2684 3324 2765 potuit

759 2802 1072 2868 omnium
1139 2801 1401 2865 artium
1471 2798 1978 2882 agriculturam
2049 2798 2388 2880 optimam
2459 2815 2614 2863 esse
2660 2802 2734 2864 et
2782 2799 2997 2865 libero
3046 2801 3325 2866 homine

763 2921 1244 3003 dignissimam
1271 2917 1340 3003 5).
1407 2920 1647 2985 Refert
1694 2935 1770 2983 se
1818 2918 2084 2982 multos
2132 2917 2323 2982 viros
2371 2935 2578 2983 nosse
2632 2919 2750 3000 qui
2799 2919 2978 2985 filios
3027 2937 3192 2986 suos
3237 2920 3326 2986 ad

763 3040 936 3105 nihil
1010 3040 1249 3120 potius
1322 3056 1531 3121 quam
1599 3038 1685 3102 ad
1758 3036 2263 3117 agriculturam
2334 3037 2687 3103 instruere
2745 3038 2998 3104 volunt
3025 3034 3093 3116 θ).
3147 3039 3327 3106 Ordo

761 3157 1221 3238 agricolarum
1282 3157 1494 3238 juxta
1568 3155 1744 3220 alios
1823 3155 2017 3220 valet
2086 3155 2158 3218 in
2224 3155 2566 3221 societate
2637 3156 2980 3222 Romana:
3040 3160 3327 3239 rogatus

764 3293 974 3358 quem
1035 3276 1378 3357 optimum
1428 3290 1769 3356 quemque
1817 3274 2174 3354 aestimet,
2229 3273 2569 3355 agricolas
2616 3275 2936 3341 nominat
2982 3293 3122 3341 una
3169 3293 3330 3342 cum

765 3394 1271 3459 mercatoribus
1297 3389 1367 3471 7).
1417 3392 1588 3458 Cum
1623 3391 1793 3457 Cato
1823 3394 2196 3457 enumerat
2220 3391 2627 3473 voluptates
2652 3394 3064 3477 senectutis,
3094 3394 3328 3461 Cicero

837 3614 877 3680 ¹)
914 3612 1153 3667 Fus'rrcn
1191 3626 1270 3666 nn
1307 3610 1693 3680 Connanens,
1731 3610 1767 3666 l.
1809 3625 1858 3665 c.
1896 3625 1952 3679 p.
1986 3610 2039 3665 9.

835 3702 876 3770 ¹)
914 3700 1019 3755 En.
1054 3698 1295 3768 Marna,
1330 3698 1436 3755 Die
1471 3698 1744 3753 wirtsch.
1777 3697 1978 3752 Entw.
2015 3697 2121 3753 des
2156 3697 2515 3753 AltertumS.
2551 3713 2607 3767 p.
2641 3699 2727 3755 56.
2762 3700 2899 3756 adn.
2936 3701 2986 3757 1.

837 3788 876 3846 ³)
914 3789 988 3842 A.
1022 3786 1372 3855 Scaumnn,
1410 3785 1516 3841 Die
1551 3785 1895 3840 romischen
1933 3784 2585 3841 Grundherrschaften.
2621 3801 2676 3855 p.
2713 3787 2797 3843 14.

835 3876 879 3939 4)
919 3874 1034 3929 Per
1082 3887 1148 3929 se
1198 3872 1570 3941 intellegitur
1616 3872 1898 3942 pleraque
1955 3871 2306 3927 testimonia
2362 3872 2534 3927 nobis
2570 3876 2806 3942 praesto
2842 3888 2974 3929 esse
3010 3874 3084 3930 de
3118 3875 3331 3931 Italiae

769 3961 1151 4031 agricultura,
1187 3974 1554 4029 quamquam
1590 3974 1660 4014 ea
1696 3973 1848 4028 quae
1885 3958 2093 4014 inveni
2130 3958 2203 4013 de
2241 3959 2375 4014 aliis
2411 3960 2731 4028 provinciis
2769 3975 2891 4016 non
2927 3962 3117 4018 omisi.
3167 3962 3332 4018 Num

770 4049 833 4104 in
890 4048 1005 4103 alia
1057 4048 1264 4117 major,
1318 4048 1381 4102 in
1435 4047 1552 4103 alia
1603 4047 1800 4101 minor
1855 4060 2149 4101 numerus
2200 4045 2384 4102 fuerit
2433 4047 2845 4115 agricolarum,
2903 4049 3088 4118 hujus
3133 4050 3219 4105 rei
3266 4050 3331 4105 in

770 4136 1166 4205 sequentibus
1201 4133 1352 4190 ratio
1389 4148 1511 4189 non
1547 4136 1643 4189 est
1676 4133 1900 4189 habita.
1938 4134 2099 4189 Satis
2133 4133 2317 4188 habui
2354 4148 2538 4202 quam
2572 4134 2849 4203 plurimis
2883 4136 3030 4191 locis
3047 4137 3336 4193 adhibitis

771 4224 836 4279 in
857 4224 1210 4279 universum
1229 4220 1542 4276 ostendere
1562 4235 1863 4289 nusquam
1877 4221 2150 4276 ordinem
2162 4221 2553 4289 agricolarum
2568 4223 2902 4289 evanuisse,
2913 4224 3099 4280 immo
3113 4224 3332 4294 ubique

774 4310 1091 4379 vulgatum
1126 4308 1332 4365 fuisse.

843 4398 882 4467 ⁶)
921 4396 1017 4452 Cic
1054 4397 1128 4451 de
1164 4395 1258 4451 off.
1295 4395 1344 4451 Ι.
1381 4396 1498 4451 151.
1534 4395 1820 4451 Omnium
1856 4395 2065 4449 autem
2103 4408 2320 4465 rerum,
2358 4409 2437 4450 ex
2473 4396 2694 4464 quibus
2728 4397 2951 4466 aliquid
2976 4398 3331 4467 adquiritur,

771 4484 925 4539 nihil
960 4485 1057 4539 est
1087 4468 1456 4552 agricultur'a
1487 4482 1704 4537 melius
1708 4522 1860 4553 .....
1898 4481 2050 4536 nihil
2088 4481 2331 4538 homine
2365 4482 2549 4538 libero
2585 4483 2843 4551 dignius.

845 4571 884 4635 ⁶)
922 4569 1038 4626 Cic.
1093 4570 1165 4625 de
1221 4570 1358 4626 Sen.
1405 4570 1492 4625 24.
1527 4569 1784 4625 Possum
1821 4568 2133 4624 nominare
2169 4583 2248 4624 ex
2284 4584 2426 4638 agro
2465 4570 2684 4627 Sabino
2720 4572 2977 4628 rusticos
3012 4571 3333 4641 RomanoS,

774 4657 1003 4717 vicinos
1055 4658 1119 4713 et
1166 4656 1491 4712 familiares
1539 4670 1722 4725 meOS,
1760 4657 1979 4724 quibus
2015 4657 2370 4712 absentibus
2408 4672 2742 4727 numquam
2777 4658 2898 4715 fere
2935 4659 3059 4715 ulla
3093 4661 3156 4715 in
3192 4675 3334 4729 agro

778 4744 1004 4812 majora
1038 4759 1215 4814 opera
1249 4745 1424 4814 fiunt,
1460 4758 1582 4800 non
1620 4744 1908 4813 serendis,
1946 4758 2068 4799 non
2102 4745 2518 4814 percipiendis,
2537 4760 2661 4801 non
2681 4746 3007 4803 condendis
3023 4746 3339 4804 fructibus

849 4831 892 4899 7)
933 4830 1047 4887 Cic.
1082 4846 1188 4901 pro
1225 4832 1379 4888 Sest.
1418 4832 1506 4887 97.
1546 4831 1726 4902 „Quis
1762 4846 1902 4900 ergo
1941 4832 2056 4887 iste
2082 4833 2352 4901 optimus
2381 4833 2634 4903 quisque
2649 4834 2713 4891 ‘2⁹’
2749 4834 3012 4891 Numero
3032 4836 3084 4890 si
3102 4836 3340 4905 quaeris
