3770 5738
1728 514 1768 576 5

463 710 925 775 traducantur
960 710 1130 789 quot
1179 708 1251 773 in
1302 725 1384 774 eo
1433 709 1565 774 sub
1616 710 1908 789 antiquo
1957 727 2355 791 possessore
2403 710 2687 775 fuerant
2713 707 2787 793 ¹).
2864 711 3024 777 Una

463 830 745 892 tanturn
792 827 859 891 in
907 843 984 892 re
1029 843 1072 891 a
1117 826 1265 892 solo
1312 830 1644 908 poterant
1691 829 2076 909 segregari:
2126 830 2185 893 si
2233 829 2531 894 duorum
2560 830 3022 912 praediorum,

461 947 576 1027 qui
625 944 941 1026 ejusdem
988 946 1414 1028 possessoris
1463 948 1688 1027 erant,
1738 964 1959 1011 unum
2007 946 2272 1011 colonis
2310 947 2690 1030 indigebat,
2718 948 3024 1013 alterurn

459 1065 879 1147 abundabat,
927 1063 1184 1129 licebat
1227 1064 1319 1146 id,
1367 1064 1548 1144 quod
1595 1065 1665 1128 in
1718 1082 1856 1130 uno
1905 1065 2148 1130 deerat
2195 1081 2585 1146 operarum,
2614 1083 2715 1147 eo,
2742 1066 2921 1147 quod
2949 1066 3019 1130 in

458 1182 680 1248 altero
723 1184 1109 1265 supererat,
1159 1182 1504 1263 supplere,
1554 1185 1768 1263 atque
1815 1183 1982 1248 talis
2035 1184 2363 1264 migratio
2412 1182 2696 1249 valebat
2741 1185 3022 1248 etiamsi

460 1301 746 1383 praedia
816 1301 886 1364 in
959 1301 1277 1365 diversas
1347 1317 1600 1366 manus
1670 1304 2016 1367 venerant
2042 1297 2129 1382 2);
2194 1318 2277 1366 ea
2320 1304 2562 1366 autem
2616 1301 3020 1368 condicione

459 1423 542 1484 ut
585 1419 850 1500 posteri
903 1417 1412 1484 translatorum
1461 1419 1812 1485 domicilio
1859 1420 2152 1500 antiquo
2200 1419 2661 1485 redderentur
2687 1415 2758 1495 ³).

548 1537 710 1601 Alio
805 1536 1006 1602 modo
1101 1536 1558 1602 adhaerentia
1642 1537 2155 1617 infringebatur
2231 1555 2447 1618 quum
2512 1538 2735 1603 coloni
2807 1540 3018 1619 atque

457 1655 742 1720 colonae
806 1655 1245 1720 diversorum
1304 1656 1745 1737 praediorum
1796 1656 2244 1721 matrimonia
2294 1656 2480 1720 inter
2527 1672 2602 1721 se
2653 1655 3020 1737 conJ'unge-

457 1776 650 1855 rent;
695 1791 787 1839 ex
835 1790 971 1853 quo
1018 1776 1311 1855 apparet
1357 1773 1526 1839 illud
1577 1790 1903 1838 severum
1944 1774 2457 1854 praescriptum
2496 1775 2618 1857 „ut
2643 1792 2728 1839 ne
2756 1777 3018 1856 puncto

455 1891 735 1973 quidem
804 1892 1138 1973 temporis
1206 1893 1516 1958 amoveri
1582 1890 1960 1957 deberent”
2017 1909 2155 1956 non
2218 1892 2306 1957 ad
2354 1891 2633 1956 literam
2680 1893 3016 1974 accipien-

456 2010 622 2075 dum
670 2027 844 2092 esse,
897 2010 1019 2074 sed
1066 2010 1347 2075 nonnisi
1386 2027 1600 2091 grave
1648 2010 2106 2075 interdictum
2159 2009 2568 2090 significare.
2633 2009 2784 2075 Hac
2834 2011 2904 2075 in
2943 2028 3018 2076 re

459 2128 712 2194 licebat
781 2129 997 2193 etiam
1073 2145 1196 2210 pro
1238 2128 1345 2211 iis,
1398 2146 1576 2209 quae
1624 2129 1887 2194 talibus
1934 2128 2405 2193 matrimoniis
2455 2127 2754 2193 dominis
2807 2129 3020 2210 perie-

528 2340 571 2407 ¹)
608 2339 671 2394 L.
707 2340 757 2394 7.
795 2339 911 2395 O.J.
949 2340 1056 2396 XI.
1094 2340 1179 2395 48.
1216 2340 1423 2410 Neque
1460 2355 1601 2396 vero
1638 2342 1983 2397 commento
2020 2340 2247 2396 fraudis
2282 2340 2341 2395 id
2362 2343 2615 2410 usurpet
2635 2341 2784 2410 legis
2804 2341 3019 2409 illusio,

457 2427 613 2495 quod
667 2426 731 2482 in
782 2427 1115 2496 originariis
1176 2442 1353 2497 saepe
1390 2429 1714 2484 actitatum
1753 2430 1862 2493 est,
1902 2430 1974 2483 ut
2007 2442 2193 2497 parva
2226 2428 2499 2497 portione
2539 2430 2729 2484 terrae
2765 2428 3017 2498 emptori

455 2513 675 2570 tradita
726 2515 924 2571 omnis
958 2515 1178 2583 integri
1213 2515 1385 2570 fundi
1423 2516 1664 2571 cultura
1698 2516 2017 2571 adimatur.
2055 2515 2170 2570 Sed
2207 2530 2346 2571 cum
2385 2515 2656 2571 soliditas
2691 2515 3016 2571 fundorum

453 2602 549 2658 vel
585 2604 749 2658 certa
785 2603 978 2671 portio
1014 2603 1088 2658 ad
1127 2617 1624 2673 unumquemque
1662 2603 1989 2673 perveniat,
2011 2604 2166 2658 tanti
2195 2618 2430 2673 quoque
2451 2604 2607 2658 servi
2633 2604 2697 2658 et
2716 2604 3016 2672 originarii

452 2691 781 2759 transeant,
835 2690 1048 2759 quanti
1099 2690 1258 2759 apud
1295 2690 1632 2760 superiores
1668 2690 1946 2746 dominos
1982 2692 2043 2745 et
2080 2704 2450 2759 possessores
2486 2690 2582 2745 vel
2616 2690 2680 2745 in
2716 2690 3018 2747 soliditate

455 2776 548 2831 vel
584 2777 647 2831 in
683 2778 853 2844 parte
897 2778 1272 2832 manserunt.

520 2864 562 2933 ’)
602 2863 751 2920 Nov.
808 2862 935 2919 Val.
990 2863 1278 2920 XXXIV.
1339 2865 1373 2932 5
1413 2864 1493 2920 18.
1531 2864 1594 2921 Si
1629 2863 1781 2921 forte
1818 2865 2076 2920 duorum
2115 2864 2493 2934 praediorum
2532 2880 2696 2920 unus
2733 2865 3016 2922 dominus

450 2954 630 3021 atque
667 2966 975 3021 possessor
1008 2967 1086 3007 ex
1122 2951 1337 3007 referto
1374 2953 1713 3021 originariis
1748 2954 1810 3007 et
1846 2953 2075 3008 colonis
2112 2966 2253 3021 agro
2279 2953 2352 3007 ad
2375 2953 2636 3008 alterum
2657 2968 2761 3008 rus
2782 2954 3015 3022 aliquos

452 3039 727 3095 homines
781 3039 1017 3108 propria
1069 3039 1385 3095 voluntate
1438 3041 1501 3095 et
1558 3041 1934 3096 ordinatione
1975 3040 2373 3107 transtulerit,
2410 3041 2495 3095 ita
2530 3040 2591 3095 id
2629 3042 2887 3110 maneat,
2927 3044 3013 3112 ut,

450 3126 577 3181 sive
613 3127 961 3182 venditione
997 3141 1106 3182 seu
1143 3127 1467 3183 donatione
1504 3141 1611 3183 seu
1649 3128 1920 3195 quolibet
1954 3127 2069 3183 alio
2107 3127 2282 3183 modo
2318 3127 2394 3182 ad
2431 3127 2701 3184 diversos
2738 3129 3016 3186 dominos

449 3227 545 3268 res
582 3214 837 3281 utraque
872 3227 980 3269 seu
1018 3213 1341 3269 donatione
1376 3228 1485 3269 seu
1522 3214 1790 3283 quolibet
1824 3215 1940 3269 alio
1978 3214 2154 3270 modo
2184 3214 2258 3269 ad
2296 3214 2564 3270 diversos
2603 3215 2877 3271 dominos
2916 3230 3012 3271 res

452 3302 705 3369 utraque
743 3301 1100 3369 pervenerit,
1144 3301 1471 3357 translatos
1507 3301 1740 3369 origini,
1752 3301 1890 3369 ‚iure
1911 3304 1973 3357 et
1991 3301 2171 3356 titulo
2190 3302 2451 3357 revocari
2474 3316 2595 3356 non
2615 3302 2810 3358 liceat.
2846 3303 3013 3358 Inde·

451 3401 659 3443 corum
695 3389 791 3443 est
823 3388 1088 3444 auctoris
1124 3387 1284 3443 facta
1319 3388 1591 3455 convelli,
1613 3402 1765 3457 quae
1784 3403 1890 3457 pro
1910 3388 2158 3443 consilio
2177 3402 2288 3443 suo
2306 3390 2371 3443 et
2391 3390 2653 3444 tractatu
2678 3390 3017 3445 necessaria

441 3474 756 3542 judicavit,
827 3490 967 3530 cum
1022 3476 1214 3545 magis
1268 3477 1477 3532 deceat
1527 3476 1601 3530 ad
1657 3476 1792 3543 ejus
1844 3475 2265 3545 reverentiam,
2320 3490 2473 3544 quae
2526 3476 2610 3531 illi
2667 3477 2796 3532 visa
2848 3480 3014 3547 sunt,

449 3561 739 3617 inviolata
772 3562 1019 3617 servari.
2972 3631 2978 3642 ,

520 3648 561 3713 ⁸)
599 3647 661 3703 L.
699 3649 781 3704 13.
818 3652 849 3719 ξ
887 3649 935 3704 1.
972 3647 1086 3705 O.J.
1125 3649 1234 3705 XI.
1267 3649 1353 3705 48.
1391 3649 1546 3705 Illud
1583 3650 1768 3706 etiam
1805 3650 2172 3705 servandum
2209 3651 2320 3716 est,
2358 3651 2446 3717 ut,
2464 3650 2514 3704 si
2535 3651 2775 3718 quando
2794 3650 3013 3706 utrius·

449 3749 566 3803 que
601 3734 773 3791 fundi
810 3735 968 3791 idem
1007 3736 1289 3792 dominus
1325 3737 1398 3792 de
1434 3737 1815 3805 possessione
1851 3735 2072 3790 referta
2106 3735 2442 3791 cultoribus
2471 3736 2545 3791 ad
2565 3751 2698 3791 eam
2718 3737 3009 3792 coloniam

448 3837 602 3890 quae
658 3822 966 3879 laborabat
1017 3824 1318 3879 tenuitate
1379 3824 1776 3888 transtulerit,
1830 3822 2111 3891 idemque
2148 3822 2320 3878 fundi
2355 3824 2429 3878 ad
2467 3823 2843 3878 diversorum
2874 3823 3014 3892 jura

448 3909 830 3965 dominorum
872 3910 1139 3978 qualibet
1172 3912 1334 3965 sorte
1372 3910 1741 3978 transierint,
1778 3912 2026 3966 maneat
2061 3910 2303 3978 quidem
2341 3909 2499 3965 facta
2535 3910 2872 3979 translatiO,
2907 3912 3012 3966 sed

447 3996 549 4065 ita,
586 3998 658 4052 ut
691 3997 915 4066 praedii
952 3997 1087 4065 ejus
1122 3996 1423 4066 dominus,
1460 4011 1497 4052 a
1531 4011 1648 4065 quo
1670 3997 1862 4052 coloni
1883 3997 2216 4065 probantur
2234 3995 2421 4052 fuisse
2443 3997 2799 4064 transducti,
2824 3998 3012 4052 trans·

448 4083 709 4138 latorum
745 4084 1131 4152 agnationem
1151 4085 1453 4139 restituat.
1482 4114 1532 4122 -
1568 4084 1709 4139 Sine
1730 4084 1912 4139 dubio
1934 4084 2253 4139 verborum
2275 4085 2687 4139 extremorum
2707 4085 3014 4140 sententia

449 4170 800 4239 hujusmodi
837 4173 933 4226 est
969 4173 1039 4226 ut
1076 4185 1259 4240 supra
1294 4171 1358 4226 in
1397 4173 1573 4226 textu
1611 4170 1845 4226 reddita
1880 4173 1992 4226 est.
2030 4171 2196 4238 Quod
2215 4171 2264 4225 si
2290 4171 2377 4225 ita
2393 4173 2504 4237 est,
2524 4171 2735 4226 textus
2755 4171 3013 4227 traditus

448 4257 763 4326 paululum
783 4261 1102 4327 corruptus
1126 4260 1237 4314 est.
1260 4258 1500 4313 Etenim
1524 4272 1645 4313 non
1665 4258 1949 4313 dominus
1967 4257 2133 4313 illius
2150 4259 2392 4327 praedii,
2409 4259 2563 4313 unde
2581 4258 2686 4313 sed
2698 4273 2809 4328 quo
2827 4259 3012 4313 trans·

447 4345 551 4401 lati
574 4347 723 4401 sunt
740 4344 951 4412 coloni,
974 4359 1079 4400 eos
1097 4344 1342 4401 reddere
1362 4346 1560 4400 debet.
1580 4345 1643 4399 Si
1662 4345 1812 4413 legis
1833 4345 2066 4415 „aquo”
2083 4346 2141 4400 id
2158 4345 2492 4414 coniungas
2505 4359 2751 4401 necesse
2763 4347 3011 4402 estcum

452 4432 818 4501 „dominus’'.
867 4432 982 4488 Sed
1026 4433 1448 4501 praeterquam
1499 4433 1656 4500 quod
1706 4432 1929 4487 mirum
1988 4432 2227 4488 videtur
2271 4432 2456 4502 „quo”
2493 4447 2612 4487 non
2647 4433 3010 4502 conjungere

449 4533 588 4574 curn
646 4517 866 4588 „ejus'’,
921 4519 1069 4574 haec
1105 4519 1282 4574 lectio
1321 4533 1571 4574 sensum
1611 4521 1853 4574 tantum
1893 4520 2138 4587 praebet
2172 4519 2223 4574 si
2260 4519 2373 4574 hoc
2411 4520 2676 4575 maxime
2712 4520 3011 4589 peculiare

449 4607 637 4677 ponis,
674 4621 753 4662 ex
790 4607 1004 4664 duobis
1036 4607 1157 4663 illis
1195 4607 1368 4663 novis
1397 4606 1659 4662 dominis
1679 4607 2002 4675 antiquum
2022 4607 2284 4662 eundem
2301 4621 2435 4662 esse
2459 4607 2642 4676 atque
2661 4621 2802 4662 eum
2823 4608 3012 4677 ipsius

446 4693 609 4750 illius
645 4694 887 4763 praedii,
923 4709 1042 4764 quo
1077 4696 1221 4749 ante
1266 4693 1459 4749 coloni
1497 4694 1775 4749 translati
1794 4696 1969 4760 sunt3
2008 4694 2184 4749 aliter
2200 4694 2362 4749 enim
2385 4708 2487 4749 eos
2508 4694 2752 4750 reddere
2780 4695 3009 4764 nequit.

447 4781 625 4837 Patet
659 4783 867 4837 autem
904 4783 1291 4850 praeceptum
1310 4781 1374 4836 in
1394 4782 1747 4837 universum
1767 4781 2159 4837 enuntiatum
2177 4795 2336 4848 esse;
2373 4782 2555 4849 atque
2575 4780 2739 4837 hunc
2759 4796 3006 4838 sensum

446 4869 807 4938 assequeris,
843 4869 894 4923 si
930 4868 1077 4939 legis
1112 4882 1233 4927 non
1272 4883 1310 4924 a
1344 4883 1455 4938 quo
1492 4870 1577 4935 (=
1619 4868 1762 4924 door
1797 4868 2006 4939 wien),
2043 4869 2147 4923 sed
2183 4883 2294 4938 quo
2332 4877 2420 4932 (=
2465 4869 2833 4935 waarheen).
