3770 5738
1691 532 1775 595 27

432 731 891 814 quamobrem
962 729 1233 811 placuit
1302 728 1803 797 Valentiniano
1872 731 1977 809 ut,
2045 729 2105 793 si
2153 727 2556 809 hujusmodi
2603 724 3015 810 peregrinus

432 849 744 916 incolam
789 847 1154 914 mulierem
1202 848 1274 912 in
1327 847 1859 914 matrimonium
1910 847 2161 912 ducere
2202 845 2442 926 vellet,
2468 849 2636 911 ante
2663 848 3014 929 profitere·

442 971 570 1033 tur
642 984 718 1033 se
786 982 1012 1047 neque
1085 982 1375 1032 uxorem
1447 982 1672 1046 neque
1742 964 2103 1047 praedium
2150 964 2566 1029 relicturum
2611 980 2787 1030 esse.
2834 964 3014 1030 Item

434 1085 858 1151 mulieribus
904 1084 1252 1167 ingenuis,
1302 1101 1516 1165 quum
1566 1083 1829 1149 colonis
1879 1082 2308 1165 nupsissent,
2334 1099 2471 1147 non
2496 1081 3015 1164 jamapraedio

436 1203 796 1271 discedere
868 1202 1106 1283 licuit;
1161 1218 1404 1268 eorum
1452 1200 1710 1267 liberos
1757 1201 1827 1265 in
1878 1201 2300 1283 perpetuum
2348 1200 2636 1297 colonos
2678 1217 2831 1266 esse
2878 1201 3014 1282 pla·

440 1322 592 1389 cuit
618 1317 689 1399 ¹).
1104 1304 1109 1315 ’
2741 1314 2754 1333 ”

534 1443 632 1507 5.-
676 1440 840 1506 Cum
901 1443 1131 1522 pentes
1196 1437 1525 1520 subjectae
1585 1439 1656 1503 in
1723 1438 1863 1503 solo
1934 1437 2236 1503 Romano
2283 1437 2792 1502 collocarentur.
2841 1436 3015 1501 Cum

445 1557 871 1625 Theodosius
943 1556 1219 1640 ScyraS,
1292 1554 1576 1636 gentem
1645 1554 2091 1638 Hunnorum,
2165 1555 2579 1635 subegisset,
2652 1570 2771 1619 eos
2830 1538 3037 1619 anno'

446 1678 579 1743 409
653 1675 1176 1758 possessoribus
1245 1674 1471 1740 totius
1541 1674 1815 1756 imperii
1852 1676 2215 1754 tamquam
2265 1672 2544 1738 colonos
2591 1672 2874 1755 obtulit,
2927 1709 3010 1719 —

447 1794 820 1861 dummodo
888 1809 977 1859 ne
1049 1793 1120 1858 in
1171 1792 1464 1858 Thracia
1511 1794 1584 1857 et
1632 1791 1916 1874 Illyrico
1964 1791 2479 1858 collocarentur
2523 1791 2643 1856 ubi
2689 1808 2810 1872 per
2857 1791 3017 1856 vici·

450 1914 755 1979 nitatem
800 1912 1120 1993 gentium
1166 1910 1484 1976 affinium
1533 1910 1909 1992 periculosi
1956 1910 2105 1976 fieri
2154 1912 2458 2008 possent⁸
2495 1946 2577 1956 —
2627 1909 2733 1975 ita
2755 1908 3015 1991 utjure

450 2031 816 2099 colonatus
862 2029 1045 2112 apud
1097 2045 1217 2095 eos
1263 2032 1708 2095 morarentur
1733 2024 1804 2105 2).

518 2278 557 2346 ¹)
592 2278 742 2334 Nom
780 2276 912 2333 Val.
948 2275 1151 2333 XXX.
1167 2278 1238 2345 ἐξ
1261 2278 1312 2346 5,
1330 2277 1380 2332 6.
1418 2276 1707 2333 Advenae
1725 2275 2083 2345 plerumque
2103 2277 2321 2332 tenues
2339 2276 2723 2345 abjectaeque
2739 2274 3018 2331 fortunae

449 2365 824 2436 quorundam
885 2378 949 2419 se
1011 2363 1314 2433 obsequiis
1366 2364 1656 2433 jungunt,
1695 2365 1781 2433 ut,
1818 2362 2085 2419 similata
2117 2363 2337 2419 laboris
2371 2365 2433 2419 et
2468 2362 2889 2431 obsequiorum
2925 2377 3016 2433 pa·

447 2454 676 2522 tientia,
714 2452 959 2520 accepto
994 2452 1246 2520 sumptu
1283 2466 1351 2507 ac
1387 2451 1613 2506 vestitu
1650 2451 1922 2506 illuviem
1959 2452 2021 2506 et
2056 2450 2397 2520 squalorem
2433 2450 2724 2519 egestatis
2742 2450 3020 2506 evadant.

450 2541 564 2596 Ubi
619 2540 693 2595 de
729 2539 1031 2607 angustiis
1068 2538 1255 2594 cladis
1291 2552 1436 2594 suae
1474 2542 1538 2594 et
1573 2537 1956 2593 humanitate
1992 2539 2055 2593 et
2089 2538 2475 2594 miseratione
2512 2537 2864 2606 colligentes
2898 2536 3017 2592 fue-

451 2628 572 2683 rint
605 2627 859 2694 liberati‚
889 2625 1018 2694 jam
1055 2626 1288 2695 repleti,
1315 2626 1442 2694 jam
1480 2624 1631 2680 nihil
1668 2624 1740 2680 de
1774 2626 2017 2681 miseria
2044 2625 2380 2694 cogitantes
2412 2625 2649 2693 eligunt
2666 2623 3016 2680 feminasad

450 2715 679 2785 patrem
734 2712 992 2769 familias
1040 2712 1431 2781 pertinentes,
1469 2712 1727 2781 solertia,
1762 2712 1970 2780 forma,
2009 2712 2270 2768 utilitate
2308 2712 2616 2768 mehores:
2653 2726 2794 2767 cum
2831 2711 3018 2766 satias

450 2801 686 2872 ceperit,
700 2799 1156 2869 derelinquunt:
1169 2813 1289 2856 non
1303 2800 1471 2855 statu
1485 2800 1677 2871 priore
1688 2814 1998 2871 perpensO,
2013 2813 2134 2856 non
2146 2798 2540 2856 assuetudine
2551 2799 2686 2868 conj
2696 2798 3018 2867 unctionis,

450 2903 569 2945 non
623 2887 939 2944 dulcedine
986 2887 1265 2957 filiorum,
1284 2886 1603 2956 nullalege
1621 2887 1975 2955 prohibente
1995 2887 2332 2943 discedunt.
2351 2887 2563 2956 Itaque
2588 2887 2639 2943 si
2664 2886 2815 2942 nulli
2834 2886 3017 2956 quoli-

448 2976 549 3031 bet
602 2974 781 3031 modo
836 2974 1135 3030 obnoxius
1189 2974 1418 3030 civitati
1472 2974 1546 3029 ad
1580 2973 1893 3043 praedium
1931 2989 1995 3030 se
2033 2975 2473 3044 cujuscumque
2510 2974 2809 3030 rusticum
2847 2974 3016 3029 urba-

452 3076 718 3132 numque
755 3060 1079 3130 collegerit,
1116 3063 1180 3117 et
1212 3061 1448 3117 mulieri
1486 3055 1780 3118 obnoxiae
1816 3062 2027 3118 sociari
2060 3062 2329 3131 voluerit,
2349 3060 2537 3130 gestis
2554 3060 3019 3130 municipalibus

449 3150 803 3219 profiteatur
855 3148 1188 3216 habitandi,
1236 3149 1339 3204 ubi
1375 3148 1627 3217 elegerit
1662 3148 2058 3218 voluntatem,
2096 3149 2166 3204 ut
2200 3150 2313 3205 hoc
2351 3149 2591 3204 vinculo
2626 3149 3017 3217 praecedente

451 3250 558 3292 nec
592 3234 1030 3302 habitaculum,
1067 3235 1227 3304 quod
1263 3235 1505 3306 placuit,
1543 3235 1795 3302 deserat,
1833 3250 1947 3292 nec
1983 3236 2352 3292 consortium
2390 3235 2660 3292 mulieris
2683 3236 3018 3300 abrumpat.

452 3322 575 3391 Qua
625 3322 993 3393 professione
1049 3322 1377 3391 depromta,
1432 3322 1602 3378 salva
1653 3323 2050 3392 ingenuitate,
2105 3322 2411 3379 licentiam
2449 3337 2571 3379 non
2608 3323 2829 3378 habeat
2864 3337 3017 3378 rece·

452 3410 646 3466 dendi.
681 3409 820 3465 Pari
858 3410 990 3478 lege
1025 3409 1311 3466 mulieres
1344 3410 1649 3479 ingenuas
1678 3410 1860 3478 jubeo
1898 3410 2169 3478 detineri,
2194 3411 2468 3478 aquibus
2486 3409 2833 3478 com'unctio
2848 3422 3016 3479 appe·

452 3497 561 3553 tita
613 3498 709 3552 est
762 3497 825 3552 et
877 3495 1068 3552 electa
1122 3510 1435 3552 servorum
1492 3496 1587 3552 vel
1651 3496 2018 3566 colonorum,
2055 3499 2129 3553 ut
2162 3497 2259 3552 his
2295 3496 2457 3553 abire
2495 3511 2617 3552 non
2653 3497 2846 3553 liceat.
2884 3496 3016 3553 Filii

452 3597 671 3654 earum,
708 3583 758 3638 si
796 3582 1175 3639 denuntiatio
1214 3598 1334 3639 non
1371 3584 1716 3653 praecessit,
1750 3583 1816 3639 in
1855 3597 2065 3638 eorum
2095 3584 2231 3651 jure
2267 3585 2331 3640 et
2365 3583 2646 3654 dominio,
2681 3583 2839 3654 apud
2858 3584 3016 3653 quod

453 3672 631 3728 creati
684 3672 835 3727 sunt
889 3670 985 3726 vel
1046 3672 1343 3741 creantur,
1380 3671 1678 3727 colonario
1716 3671 1961 3727 nomine
1998 3673 2410 3740 perseverent3
2447 3673 2585 3741 post
2620 3671 3016 3728 denuntiatio·
3073 3741 3082 3754 .

454 3772 589 3814 nem
646 3773 785 3815 vero
840 3758 1034 3814 editos
1085 3759 1422 3815 secundum
1478 3758 1632 3814 scita
1686 3758 1906 3814 divalia
1958 3772 2164 3814 servos
2218 3772 2353 3814 esse
2402 3772 2741 3828 censemus,
2779 3765 2851 3814 ut
2882 3757 3018 3814 illos

458 3860 670 3914 nexus,
723 3846 886 3901 sicut
940 3845 1173 3901 dictum
1210 3846 1323 3914 est,
1360 3846 1714 3914 colonarius,
1749 3845 1957 3901 teneat
1990 3858 2232 3914 semper
2264 3845 2572 3914 obnoxios,
2605 3845 2718 3902 hos
2752 3845 3018 3900 condicio

453 3932 780 3999 servitutis,
816 3931 1099 4001 Firmine,
1136 3947 1353 4001 parens
1390 3932 1698 3988 carissime
1735 3933 1919 4001 atque
1954 3933 2387 3990 amantissime.

519 4020 559 4089 ³)
619 4019 682 4075 L.
734 4019 786 4075 3.
843 4018 905 4074 C.
961 4018 1069 4075 Th.
1108 4019 1176 4075 V.
1231 4021 1281 4076 4.
1319 4019 1556 4089 Scyras,
1593 4005 1910 4075 barbaram'
1946 4020 2276 4090 nationem,
2310 4020 2598 4076 maximis
2632 4019 3017 4090 Hunnorum,

458 4106 673 4174 quibus
727 4121 792 4162 se
853 4103 1326 4177 conJunxer'unt,
1364 4107 1548 4177 copiis
1582 4106 1751 4177 rusia,
1786 4107 2036 4177 imperio
2075 4108 2281 4164 nostro
2318 4108 2686 4176 subegimus.
2759 4106 3019 4176 Ideoque

460 4191 671 4249 damus
708 4193 989 4249 omnibus
1026 4193 1257 4263 copiam
1293 4209 1370 4248 ex
1407 4194 1711 4263 praedicta
1728 4195 1909 4262 gente
1927 4194 2243 4250 hominum
2264 4208 2438 4262 agros
2456 4194 2721 4263 proprios
2743 4193 3021 4263 frequen-

458 4278 644 4346 tandi,
701 4269 789 4336 ita
847 4282 918 4335 ut
967 4293 1179 4336 omnes
1235 4280 1432 4360 sciant
1467 4282 1782 4349 susceptos
1819 4295 1939 4336 non
1977 4280 2092 4336 alio
2120 4280 2257 4350 jnre
2293 4296 2474 4351 quam
2511 4280 2824 4337 colonatus
2859 4281 3019 4352 apud

460 4380 520 4422 se
556 4366 826 4434 futuros;
865 4367 1135 4436 nullique
1171 4366 1349 4423 licere
1386 4382 1464 4423 ex
1501 4368 1614 4423 hoc
1652 4382 1869 4437 genere
1907 4366 2255 4424 colonorum
2292 4369 2367 4425 ab
2405 4383 2493 4437 eo,
2530 4368 2626 4424 cui
2648 4369 2836 4425 semel
2855 4370 3017 4425 attri-
3051 4355 3060 4369 ’
3165 4393 3180 4416 ·

458 4451 580 4510 buti
645 4453 889 4523 fuerint,
944 4454 1039 4510 vel
1099 4453 1305 4510 fraude
1340 4454 1603 4524 aliquem
1638 4454 1934 4511 abducere
1970 4454 2066 4510 vel
2102 4454 2436 4524 fugientem
2471 4455 2793 4526 suscipere,
2828 4471 3020 4526 poena

459 4541 805 4611 praeposita,
860 4555 1013 4611 quae
1069 4542 1427 4611 recipientes
1481 4542 1695 4598 alienis
1749 4542 2033 4598 censibus
2090 4542 2425 4613 adscriptos
2460 4542 2556 4598 vel
2593 4557 2715 4598 non
2753 4544 3019 4613 proprios

459 4628 692 4684 colonos
750 4627 1106 4698 insequitur.
1179 4628 1370 4708 Opera
1424 4631 1633 4686 autem
1671 4643 1879 4686 eorum
1917 4630 2214 4694 terrarum
2249 4625 2478 4685 domini
2513 4629 2701 4685 libera
2736 4632 3018 4699 utantur;

459 4726 521 4769 ac
557 4714 709 4771 nulli
745 4715 996 4771 subacta
1029 4716 1479 4785 peraequationi
1517 4716 1612 4772 vel
1649 4716 1859 4771 censui
1898 4716 2272 4784 subjaceant,
2308 4716 2579 4784 nullique
2615 4715 2810 4785 liceat,
2848 4718 3017 4774 velut

460 4798 706 4858 donatos
742 4815 843 4857 eos
877 4817 913 4857 a
929 4802 1066 4870 jure
1090 4816 1313 4857 census
1332 4802 1393 4857 in
1416 4803 1782 4858 servitutem
1803 4803 2045 4858 trahere
2066 4802 2386 4859 urbanisve
2404 4803 2706 4872 obsequiis
2723 4804 3017 4870 addicere,

465 4882 638 4944 Porro
692 4888 854 4944 intra
904 4889 1221 4945 biennium
1259 4890 1724 4974 suscipientibus
1757 4888 1953 4959 liceat,
1991 4904 2095 4958 pro
2131 4890 2215 4946 rei
2251 4888 2680 4962 frumentariae
2717 4890 3019 4961 angustiis
