3770 5738
1667 474 1751 581 22⁰2

511 669 682 735 Tam
784 688 872 737 ex
952 672 1391 738 creberrimis
1466 672 1737 754 legibus
1813 672 1899 736 de
1971 672 2294 753 fugitivis
2363 689 2571 753 quam
2645 690 2734 738 ex
2805 674 2996 739 hisce

416 790 1054 863 constitutionibus
1101 807 1308 871 saepe
1347 790 1627 855 iteratis
1664 790 2062 856 luculenter
2106 794 2398 872 apparet
2444 809 2603 855 cum
2651 795 2995 872 quantum
3083 858 3096 869 ,

414 923 704 989 operam
754 908 980 974 coloni
1029 912 1103 973 et
1149 908 1579 991 adscripticii
1631 907 1950 974 dederint
1998 916 2081 974 ut
2128 910 2280 974 sive
2324 898 2454 991 ipsi
2505 909 2705 975 liberi
2746 910 2997 975 fierent

414 1026 568 1091 sive
617 1026 825 1091 liberi
875 1025 1050 1109 ejus,
1086 1028 1254 1117 ⁸tum
1299 1028 1546 1109 quanti
1595 1028 2016 1110 reipublicae
2040 1030 2254 1108 atque
2279 1044 2759 1109 possessorum
2785 1028 2992 1094 inter·
3081 1034 3094 1053 ·

414 1142 634 1208 fuerit
685 1161 934 1209 eorum
981 1144 1511 1210 adhaerentiam
1557 1146 1764 1210 tueri.
2073 1230 2086 1241 .

504 1260 718 1328 NUM
786 1262 968 1344 QUO
1020 1262 1234 1328 ALIO
1294 1263 1538 1328 MODO
1587 1263 2271 1344 PRAETERQUAM
2322 1264 2495 1329 PER
2545 1263 2991 1330 ORIGINEM

370 1372 796 1462 'ALIQUIS
870 1380 1386 1446 COLONATUI
1435 1380 1899 1447 OBNOXIUS
1946 1378 2187 1447 FIERI
2239 1381 2709 1448 POTUERIT.
2760 1382 2992 1461 Longe

415 1497 643 1580 major
692 1515 859 1581 pars
905 1498 1309 1565 colonorum
1355 1501 1722 1567 colonatus
1759 1500 1904 1582 Juri
1951 1501 2252 1567 obnoxia
2298 1504 2453 1566 erat
2501 1501 2653 1582 ipsa
2690 1501 2989 1583 origine3

414 1619 661 1683 tamen
705 1617 921 1683 etiam
967 1617 1125 1683 aliis
1173 1618 1396 1684 modis
1437 1619 1565 1684 1100
1613 1617 1762 1684 fieri
1806 1621 2104 1700 poterat.

514 1737 573 1799 1.
641 1734 805 1801 Usu.
856 1736 987 1818 Qui
1029 1736 1371 1817 agricolae
1418 1754 1540 1819 per
1586 1737 1883 1819 triginta
1928 1754 2152 1803 annos
2196 1737 2569 1803 continuos
2617 1737 2685 1802 in
2711 1737 2991 1818 praedio

416 1853 732 1933 quodam
802 1856 1163 1936 tamquam
1233 1854 1458 1921 coloni
1522 1856 1878 1936 vixerunt,
1929 1856 2156 1922 coloni
2207 1855 2388 1921 fiunt
2435 1856 2542 1920 1.6.
2591 1856 2992 1920 libertatem

416 1989 630 2037 suam
682 1975 975 2038 servant
1019 1990 1101 2038 ac
1148 1973 1517 2055 peculium,
1561 1974 1679 2039 sed
1701 1977 1965 2039 terram
1989 1974 2382 2054 relinquere
2408 1974 2493 2038 iis
2518 1991 2655 2039 non
2691 1973 2992 2055 amplius

417 2089 593 2156 licet
622 2085 694 2173 1).
767 2091 1025 2156 Postea
1089 2092 1132 2157 J
1137 2092 1538 2157 ustinianus
1609 2092 1869 2157 statuit
1923 2094 2006 2157 ut
2067 2109 2310 2157 eorum
2356 2092 2555 2157 liberi
2601 2108 2873 2173 quoque
2921 2092 2988 2156 in

420 2420 803 2477 Consuetum
832 2423 897 2475 et
920 2420 1214 2490 peculiare
1237 2423 1480 2477 nostrae
1506 2421 1998 2477 mansuetudinis
2024 2420 2356 2476 remedium
2378 2420 2840 2476 necessitatibus
2862 2421 2976 2475 sub

413 2508 726 2576 jectorum
740 2511 1086 2564 nostrorum
1102 2509 1406 2578 imponere
1420 2510 1751 2578 011111611166,
1764 2509 2222 2577 suggestionem
2234 2507 2344 2562 viri
2358 2507 2687 2563 beatissimi
2702 2507 2995 2572 Publiani,

418 2595 735 2650 antestitis
790 2594 1391 2664 Carthageniensium
1453 2596 1716 2651 civitatis
1776 2597 1839 2650 et
1897 2609 2312 2664 possessorum
2365 2595 2639 2663 ejusdem
2675 2595 2995 2651 Africanae

417 2682 869 2751 proconsularis
922 2683 1260 2752 provinciae
1306 2683 1564 2738 libenter
1598 2684 1995 2751 suscepimus,
2033 2698 2137 2752 per
2172 2698 2324 2752 quas
2360 2682 2792 2752 pragmaticam
2829 2697 2993 2738 sanc·

419 2770 655 2825 tionem
710 2770 746 2825 J
751 2770 939 2826 ustini
993 2770 1164 2826 divae
1218 2771 1541 2826 memoriae
1600 2771 1789 2839 patris
1845 2771 2035 2826 nostri
2089 2785 2194 2839 pro
2256 2769 2602 2826 condicione
2656 2760 2884 2825 subolis
2919 2770 2996 2825 ab

418 2858 800 2927 adscripticio
845 2860 1012 2927 patre
1049 2859 1114 2913 et
1148 2858 1414 2927 ingenua
1449 2859 1643 2914 matre
1679 2857 1755 2914 ad
1780 2857 2160 2914 Theodorum
2199 2860 2345 2915 tunc
2369 2857 2804 2927 praefecturam
2824 2859 2995 2913 tuam

419 2948 708 3013 agentem
745 2948 889 3001 ante
927 2955 1170 3014 tempus
1205 2947 1486 3001 emissam
1526 2947 1764 3002 firmam
1783 2947 2216 3015 inlibatamque
2244 2946 2466 3001 nostris
2488 2947 2672 3000 etiam
2695 2945 2996 3001 adfatibus

420 3033 712 3087 constitui
767 3032 1277 3102 supplicaverunt,
1339 3035 1409 3088 ut
1459 3033 1698 3089 cultura
1755 3034 2055 3090 terrarum
2110 3035 2478 3103 permaneat,
2530 3032 2698 3088 nulla
2732 3032 2862 3101 lege
2898 3032 2992 3087 vel

422 3119 874 3175 machinatione
887 3122 949 3175 et
959 3121 1034 3175 ab
1046 3134 1117 3176 ea
1129 3121 1391 3190 separari
1403 3121 1680 3176 valitura.
1694 3120 2094 3177 Consulentes
2106 3121 2291 3190 igitur
2301 3121 2709 3176 conlatoribus
2723 3119 2992 3175 Africani

421 3210 673 3272 tractus,
727 3207 1038 3262 sancimus
1090 3207 1345 3262 eandem
1390 3209 1821 3276 pragmaticam
1856 3209 2234 3264 sanctionem
2272 3209 2334 3263 et
2370 3208 2504 3276 ejus
2540 3207 2994 3276 dispositionem

422 3293 704 3348 omnibus
758 3294 951 3349 modis
996 3308 1076 3349 ex
1109 3309 1226 3362 quo
1265 3294 1407 3350 data
1441 3297 1551 3360 est,
1588 3293 1731 3350 s'uas
1766 3295 1926 3351 vires
1962 3295 2182 3351 habere
2220 3297 2283 3351 et
2316 3296 2610 3351 incertam
2649 3295 2703 3349 ei
2742 3295 2991 3349 auctori·

422 3381 613 3435 tatem
669 3381 969 3436 universis
1027 3381 1285 3436 dominis
1340 3383 1638 3437 terrarum
1692 3381 1991 3450 opitulari,
2055 3383 2128 3438 ut
2178 3382 2345 3438 liberi
2396 3382 2687 3452 procreati
2723 3395 2759 3436 a
2795 3383 2993 3436 matre

421 3468 687 3535 ingenua
732 3469 796 3523 et
830 3471 1000 3537 patre
1037 3469 1415 3538 adscripticio
1453 3469 1547 3525 vel
1586 3469 1795 3524 colono
1834 3470 2239 3525 rusticitatem
2274 3470 2590 3539 paternam
2628 3469 2996 3537 cognoscant

422 3555 486 3609 et
520 3554 797 3623 operibus
832 3556 960 3611 61116
995 3558 1320 3611 consuetos
1358 3555 1589 3611 reditus
1625 3555 1738 3625 1116,
1768 3556 1989 3624 quibus
2011 3556 2305 3625 suppositi
2326 3557 2492 3624 sunt,
2511 3555 2994 3622 subministrent,

423 3641 732 3697 deterioris
782 3642 1026 3711 quidem
1080 3642 1449 3699 condicionis
1500 3643 1697 3710 alieni,
1758 3643 1948 3712 ipsius
1995 3646 2202 3699 autem
2240 3642 2501 3712 cespitis,
2545 3643 2644 3697 ubi
2683 3642 2808 3698 nati
2846 3648 2995 3697 sunt

423 3728 695 3784 recedere
746 3733 811 3785 61
860 3731 923 3785 111
977 3730 1110 3786 61116
1163 3728 1647 3799 quibuscumque
1683 3729 1829 3785 locis
1866 3730 2082 3799 degere
2120 3744 2243 3786 non
2282 3729 2650 3798 permissuri,
2688 3728 2993 3784 Theodore

423 3828 639 3883 parens
674 3817 981 3872 carissime
1017 3818 1200 3886 atque
1236 3817 1671 3873 amantissime.
1706 3815 1973 3872 Illustris
2009 3817 2192 3885 igitur
2228 3818 2291 3871 et
2321 3816 2641 3885 magnifica
2666 3816 2994 3871 auctoritas

423 3902 530 3957 1116
563 3902 721 3958 banc
759 3905 1192 3973 pragmaticam
1229 3904 1606 3960 sanctionem
1641 3904 1704 3959 in
1743 3905 2062 3960 aeternum
2094 3904 2416 3959 valituram
2443 3903 2655 3958 edictis
2678 3902 2994 3972 propositis

422 3990 701 4045 omnibus
737 3990 1179 4047 habitatoribus
1213 3991 1639 4047 Africanarum
1675 3992 1944 4060 partium
1982 3991 2327 4048 innotescat
2365 3991 2437 4045 ut
2471 3990 2755 4045 omnibus
2792 3990 2995 4058 pateat

422 4076 661 4144 qualem
699 4092 801 4146 pro
840 4078 1108 4135 utilitate
1144 4093 1354 4134 eorum
1391 4077 1832 4146 providentiam
1871 4078 2155 4146 gerimus,

493 4171 528 4234 ¹)
564 4172 610 4227 L
664 4173 747 4228 19.
805 4172 863 4229 G.
921 4172 976 4229 J.
1031 4174 1138 4230 XI.
1175 4174 1262 4231 48.
1313 4179 1427 4227 Τῶν
1482 4179 1735 4250 γεωργῶν
1774 4172 1823 4228 οἱ
1864 4172 1958 4247 μὲν
1999 4171 2359 4245 ἑναπόγραφοί
2393 4170 2521 4226 εἰσιν
2559 4170 2647 4225 καὶ
2682 4168 2751 4227 τὰ
2785 4172 2990 4227 τούτων

421 4267 661 4321 πεκούλια
706 4275 818 4331 τοῖς
861 4265 1136 4333 δεσπόταις
1185 4270 1380 4337 ἀνήκει,
1435 4270 1486 4325 οἱ
1531 4268 1588 4326 δὲ
1638 4269 1813 4347 χρόνῳ
1863 4278 1954 4334 τῆς
1997 4271 2419 4345 τριακονταετίας
2455 4267 2718 4343 μισθωτὸι
2754 4265 3016 4343 γίνονταί

418 4363 664 4441 ἐλεύθερα
717 4366 953 4429 μένοντες
1005 4365 1135 4441 μετὰ
1188 4376 1291 4424 τῶν
1329 4371 1659 4443 πραγμάτων
1708 4369 1899 4424 αὐτῶν.
1942 4368 2029 4423 καὶ
2067 4363 2211 4423 οὗτοι
2247 4365 2305 4423 δὲ
2339 4368 2732 4440 ἀναγκάζονται
2770 4368 2859 4421 καὶ
2895 4367 2988 4426 τὴν

419 4467 513 4533 γῆν
565 4469 819 4539 γεωργεῖν
873 4460 959 4518 καὶ
1014 4463 1074 4521 τὸ
1129 4466 1277 4530 τέλος
1321 4468 1591 4544 παρέχειν.
1650 4471 1804 4523 τοῦτο
1860 4465 1919 4522 δὲ
1964 4466 2050 4521 καὶ
2095 4473 2172 4541 τῷ
2210 4464 2434 4546 δεσπότῃ
2472 4465 2559 4520 καὶ
2594 4472 2703 4530 τοῖς
2737 4472 2993 4540 γεωργοῖς

418 4558 686 4624 λυσιτελές.
738 4564 1191 4638 (Agricolarum
1225 4564 1323 4621 alii
1376 4566 1738 4635 adscripticii
1795 4566 1960 4634 sunt,
2016 4578 2275 4634 quorum
2315 4564 2550 4634 peculia
2603 4565 2676 4621 ad
2715 4565 2988 4620 dominos

420 4650 741 4719 pertinent,
795 4650 895 4706 alii
947 4651 1197 4720 triginta
1248 4667 1546 4709 annorum
1602 4654 1870 4721 tempore
1926 4651 2119 4708 coloni
2174 4651 2351 4721 fiunt,
2399 4651 2566 4707 liberi
2605 4653 2809 4708 tamen
2846 4666 2986 4708 cum

421 4736 598 4792 rebus
633 4738 761 4793 suis
797 4739 1074 4794 manent:
1108 4739 1338 4795 atenim
1376 4740 1438 4794 hi
1474 4754 1715 4811 quoque
1749 4743 1813 4795 et
1848 4741 2071 4795 terram
2110 4738 2300 4795 colere
2338 4740 2402 4794 et
2438 4738 2736 4795 tributum
2757 4738 2985 4798 solvere

425 4825 737 4895 coguntur,
772 4825 886 4882 hoc
920 4821 1127 4882 autem
1165 4827 1293 4882 tam
1329 4826 1573 4883 domino
1611 4841 1793 4896 quam
1830 4819 2105 4897 agricolis
2142 4826 2402 4896 expedit.
