3770 5738
1643 495 1769 559 163

416 696 638 762 coloni
681 695 961 759 nonnisi
1009 681 1376 774 indigenae
1427 692 1495 756 in
1547 693 1827 773 praedio
1875 695 2116 757 essent
2143 689 2210 774 ¹).
2264 691 2411 774 Quo
2459 692 2682 773 magis
2729 692 2969 756 incita·

410 816 652 880 rentur
729 817 809 878 ut
876 829 1079 893 agros
1148 812 1357 876 rudes
1432 810 1758 876 colendos
1829 812 2288 893 susciperent,
2351 812 2434 875 ut
2482 811 2809 892 vidimus,
2849 810 2969 891 jus

412 932 641 998 heredi
706 930 1147 1010 relinquendi
1195 929 1459 994 colonis
1508 929 1826 993 dabatur.
1877 929 2229 1010 Imprimis
2278 929 2345 992 in
2396 929 2623 994 vastis
2670 929 2968 994 saltibus

413 1049 811 1114 diutissima
895 1047 1007 1112 vel
1080 1054 1421 1128 perpetua
1491 1047 1944 1111 commoratio
2016 1047 2167 1111 sine
2240 1047 2448 1111 dubio
2518 1046 2729 1112 solita
2793 1046 2967 1111 fuit:

412 1168 635 1233 coloni
680 1167 908 1232 saltus
955 1165 1380 1230 Burunitani
1428 1168 1820 1246 queruntur
1874 1182 1949 1229 se
1998 1164 2179 1229 male
2228 1166 2578 1230 tract-atos
2624 1182 2777 1230 esse
2809 1182 2971 1249 „per

401 1271 527 1351 'tot
575 1288 764 1351 retro
812 1283 1078 1349 annos”
1111 1279 1182 1364 2).
1234 1283 1500 1348 Nomen
1550 1284 1903 1348 habebant
1951 1299 2039 1347 ex
2059 1283 2427 1364 praedioin
2456 1299 2590 1363 quo
2616 1284 2968 1348 habitant:

418 1404 640 1469 coloni
714 1402 912 1467 fundi
983 1402 1274 1467 Mariani
1302 1398 1374 1482 ³),
1446 1402 1736 1468 colonus
1806 1403 1956 1482 agri
2026 1400 2215 1466 Caeli
2242 1395 2312 1478 4).
2414 1401 2589 1486 „Der
2669 1400 2971 1466 Genetiv

419 1522 670 1587 druckt
738 1521 848 1590 die
897 1520 1248 1585 dauernde
1296 1519 1839 1601 Zugehorigkeit
1885 1537 2047 1584 zum
2097 1518 2551 1586 Grundstiick
2603 1537 2751 1602 aus,
2797 1520 2973 1585 noch

420 1641 613 1706 nicht
661 1640 771 1705 die
807 1638 1207 1721 rechtliche‚
1234 1639 1400 1703 aber
1424 1638 1534 1702 die
1557 1638 1949 1703 faktische'’
1982 1634 2052 1705 5).
2105 1638 2484 1704 Colonatus
2508 1655 2647 1703 non
2672 1638 2976 1720 amplius

421 1762 530 1824 est
582 1758 893 1824 condicio
933 1757 1256 1839 juridica,
1308 1756 1389 1821 fit
1434 1756 1747 1822 condicio
1794 1756 2092 1821 socialis,

509 1877 816 1958 Longam
886 1875 1399 1941 habitationem
1468 1890 1673 1956 saepe
1746 1875 1818 1938 vi
1890 1879 2206 1940 coactam
2275 1875 2493 1940 fuisse
2563 1892 2776 1957 supra
2827 1874 2976 1956 jam

420 1995 778 2077 apparuit:
859 1994 1262 2059 Hadrianus
1337 1994 1715 2080 imperator
1788 1993 2072 2058 disertis
2136 1994 2370 2058 verbis
2418 1993 2652 2058 vetuit
2698 1993 2978 2058 colonos

422 2114 710 2178 retineri
736 2107 806 2194 Β).
882 2113 1051 2176 Erat
1120 2115 1357 2177 autem
1430 2110 1695 2175 malum
1766 2111 2265 2194 inveteratum,
2338 2129 2502 2176 nam
2555 2111 2712 2193 plus
2765 2128 2976 2192 quam

423 2231 699 2297 saeculo
770 2233 929 2312 post
1000 2230 1459 2295 interdictum
1527 2229 1866 2294 iteratum
1937 2232 2068 2310 est,
2141 2247 2219 2295 eo
2268 2230 2529 2311 addito,
2578 2230 2977 2311 hujusmodi

423 2349 1016 2414 renuntiationem
1057 2348 1203 2429 jam
1251 2348 1530 2428 saepius
1576 2347 1837 2412 factam
1877 2364 2031 2412 esse
2059 2344 2127 2425 7).
2159 2348 2528 2414 Praeterea
2552 2349 2622 2412 in
2650 2351 2980 2431 promptu

425 2471 576 2532 erat
622 2467 824 2548 ratio,
876 2483 1013 2546 qua
1065 2466 1378 2532 detentio
1427 2466 1652 2531 coloni
1699 2466 2016 2547 legitima
2068 2467 2290 2531 videri
2336 2467 2617 2549 quidem
2666 2470 2979 2548 poterat:

425 2586 494 2650 in
567 2585 702 2666 lcye
770 2585 991 2650 saltus
1060 2585 1589 2654 constituebatur
1657 2603 1864 2666 aqros
1934 2586 2004 2649 in
2046 2589 2459 2670 perpetuum
2508 2583 2799 2651 locatum
2846 2586 2940 2650 iri
2956 2608 2982 2667 ,-

429 2704 666 2768 locatio
714 2703 885 2767 enim
918 2706 1257 2785 perpetua
1303 2703 1374 2767 in
1401 2703 1566 2782 jure
1612 2720 1893 2767 ‘romano
1939 2704 2209 2768 minime
2254 2704 2489 2785 iqnota
2513 2708 2663 2769 erat
2688 2700 2757 2781 ⁸).
2802 2703 2983 2785 Quin

430 2821 558 2887 hoc
604 2820 752 2886 fieri
779 2821 1110 2902 ·potuerit
1158 2821 1226 2885 in
1278 2823 1484 2886 tanta
1508 2819 1946 2886 dominorum
1972 2821 2479 2905 praepotentia,
2498 2839 2730 2905 nem0‚
2759 2820 2984 2905 cred0‚

432 2939 819 3020 dubitabit;
847 2940 966 3020 qui
991 2941 1268 3021 praeter
1294 2939 1680 3003 mercedem
1704 2956 1948 3020 operas
1975 2940 2261 3005 diurnas
2278 2957 2551 3021 quoque
2569 2943 2985 3022 extorquere

430 3058 683 3139 potuit,
733 3075 870 3139 qua
915 3074 988 3122 re
1036 3057 1237 3121 liberi
1285 3057 1604 3122 homines
1650 3056 2077 3145 accedebant
2122 3059 2206 3127 ad
2256 3076 2536 3141 servos3
2586 3060 2658 3124 in
2716 3056 2990 3124 univ'er-

431 3193 586 3241 sum
656 3175 776 3256 qui
841 3175 1120 3241 colonos
1193 3178 1344 3239 tam
1392 3176 1731 3241 obnoxios
1777 3175 2063 3240 reddere
2112 3179 2365 3258 potuit,
2419 3177 2661 3259 quales
2708 3178 2989 3243 colonos

431 3293 775 3360 africanos
845 3293 1061 3358 fuisse
1131 3310 1220 3358 ex
1284 3294 1855 3374 inscriptionibus
1902 3298 2195 3376 apparet
2250 3332 2333 3342 —
2384 3295 2445 3360 is
2492 3296 2730 3377 procul
2780 3296 2987 3362 dubio

430 3414 860 3493 potestatem
925 3428 1197 3493 quoque
1269 3412 1516 3476 habuit
1565 3413 1647 3476 ut
1691 3405 1773 3475 in‘
1809 3412 2037 3477 saltus
2094 3412 2243 3492 lege
2290 3413 2706 3479 locationem
2755 3431 2986 3496 perpe-

432 3532 631 3595 tuam
702 3530 1170 3595 constitueret
1239 3546 1532 3610 eamque
1603 3529 1675 3594 in
1725 3547 1858 3594 usu
1907 3530 2257 3596 cotidiano
2305 3500 2642 3597 tuendam
2689 3536 2986 3597 curaret.

433 3647 581 3713 Hoc
651 3664 725 3712 re
796 3665 962 3713 vera
1030 3648 1296 3713 factum
1364 3664 1516 3713 esse
1565 3648 1796 3729 colligi
1845 3651 2081 3730 potest
2127 3667 2216 3714 ex
2264 3651 2639 3717 interdicto
2688 3650 2989 3732 Philippi

434 3766 903 3847 imperatoris:
975 3783 1066 3830 ex
1136 3766 1263 3831 hoc
1329 3767 1516 3832 enim
1592 3769 1884 3849 apparet
1932 3767 2221 3833 heredes
2269 3785 2540 3850 quoque
2588 3770 2991 3835 colonorum

433 3886 748 3950 retentos
818 3901 992 3950 esse.
1066 3883 1287 3965 Quam
1357 3885 1560 3950 facile
1631 3885 2033 3966 huJusmodi
2080 3887 2573 3970 constitutum,
2618 3888 2798 3969 quod
2848 3888 2991 3953 tale

508 4149 546 4215 ¹)
584 4149 911 4206 Columella
946 4149 991 4205 Ι.
1029 4150 1079 4204 7.

510 4238 551 4307 ’)
588 4237 646 4293 C.
682 4236 729 4293 I.
767 4237 830 4292 L.
867 4235 1034 4292 VIII.
1074 4237 1276 4306 10570;
1314 4236 1392 4292 II.
1428 4239 1480 4292 5.

508 4324 546 4388 θ)
605 4367 630 4395 ‚
692 4367 717 4395 „
796 4367 821 4394 ,‚
875 4323 980 4379 VI.
1077 4324 1236 4379 9276.

507 4413 548 4475 ⁴)
604 4455 629 4483 „
692 4454 718 4482 ,‚
799 4454 822 4480 „
881 4410 984 4466 VI.
1078 4410 1233 4466 9275.

513 4499 550 4563 ⁸)
590 4500 940 4567 Scaumnn,
976 4498 1093 4554 Der
1130 4498 1300 4553 Rom.
1337 4496 1620 4552 Kolonat.
1659 4496 1818 4553 Hist.
1860 4498 2148 4554 zeitschr.
2185 4499 2269 4555 78.
2310 4499 2490 4563 (1897)
2527 4514 2581 4568 p.
2616 4500 2668 4555 8.

514 4587 552 4651 ·)
588 4585 739 4641 Vide
778 4600 960 4654 supra
995 4600 1051 4654 p.
1089 4585 1207 4640 148.

517 4673 558 4740 7)
593 4673 834 4730 ibidem.

516 4760 556 4827 ⁸)
593 4761 659 4816 L.
709 4761 759 4816 4.
816 4758 946 4828 Dig.
1000 4758 1173 4815 XIX.
1226 4758 1276 4813 2.
1321 4758 1559 4814 Locatio
1601 4758 1930 4827 precariive
1967 4760 2195 4829 rogatio
2232 4760 2320 4816 ita
2354 4760 2527 4830 sacta,
2563 4761 2756 4829 quoad
2792 4760 2861 4831 ie,
2898 4762 3001 4830 qui

449 4861 580 4905 eam
615 4847 874 4904 locasset
908 4845 1266 4915 dedissetve‚
1303 4845 1503 4914 vellet,
1540 4845 1733 4900 morte
1771 4845 1921 4915 ejuS,
1959 4847 2061 4915 qui
2099 4847 2335 4918 locavit,
2371 4848 2620 4904 tollitur.

2702 4946 2797 5001 11*
