3770 5738
2060 477 2148 543 50

816 678 997 743 tales
1062 677 1366 743 minores
1413 694 1851 759 possessores
1899 680 2137 743 tamen
2179 684 2512 743 maneant
2556 682 2786 744 terrae
2833 696 3002 744 suae
3049 679 3368 744 adstricti

814 813 1052 861 necne.
1106 794 1178 860 Si
1228 796 1590 861 nobiscum
1638 799 2047 877 reputamus
2083 796 2629 878 adhaerentiam,
2680 800 3163 878 praeterquam
3188 798 3364 876 quod

812 915 1200 980 utilitatem
1271 914 1606 979 afferebat
1676 915 2214 996 possessoribuS,
2287 916 2502 980 etiam
2550 915 2698 980 fisci
2737 915 3094 980 commodo
3133 915 3366 997 fuisse,

817 1034 1143 1113 quoniam
1215 1033 1424 1113 huJ'us
1500 1034 1804 1098 maxime
1877 1034 2235 1115 intererat,
2309 1034 2580 1098 ratione
2635 1033 2877 1098 habita
2924 1034 3368 1115 tributorum,

810 1154 1033 1215 terras
1115 1168 1251 1215 non
1326 1150 1631 1215 incultas
1698 1168 1979 1215 manere
2040 1187 2103 1195 -
2154 1150 2303 1231 jam
2372 1167 2460 1215 ex
2525 1152 2675 1233 ipsa
2743 1152 2844 1216 rei
2914 1154 3171 1215 natura
3222 1151 3368 1215 veri

809 1269 1035 1333 simile
1108 1269 1388 1334 videtur
1461 1269 1991 1333 adhaerentiam
2064 1269 2280 1333 etiam
2353 1269 2437 1333 ad
2511 1267 2692 1334 tales
2764 1269 3065 1333 minores
3108 1286 3370 1351 posses·

811 1403 1001 1451 sores
1050 1387 1494 1468 pertinuisse.
1553 1387 1922 1451 Praeterea
1959 1388 2198 1451 autem
2247 1386 2469 1467 legem
2518 1387 2856 1451 habemus
2902 1403 2987 1451 ex
3032 1404 3169 1468 qua
3203 1387 3369 1469 quin

809 1505 993 1569 idem
1063 1504 1234 1569 effici
1307 1505 1549 1586 possit,
1625 1505 1744 1568 vix
1794 1506 1906 1569 est
1955 1504 2437 1569 dubitandum.
2490 1504 2570 1568 In
2619 1506 2748 1569 hac
2797 1504 3253 1570 Constantius
3299 1507 3371 1570 et

808 1622 1160 1687 Constans
1252 1624 1664 1687 statuerunt
1748 1624 1829 1686 ut
1916 1622 2358 1687 senatoribus
2436 1658 2497 1668 —
2582 1625 2654 1687 et
2722 1622 2793 1686 in
2859 1623 2969 1687 his
3029 1623 3372 1703 imprimis

808 1744 1011 1805 erant
1080 1756 1517 1822 possessores
1542 1735 1593 1823 ¹)
1669 1739 1866 1804 nulla
1936 1740 2208 1805 tributa
2279 1740 2718 1821 agnoscenda
2766 1743 3007 1805 essent
3058 1758 3181 1821 pro
3227 1740 3371 1806 illis

807 1858 1070 1923 colonis
1140 1856 1471 1939 profugis,
1543 1875 1837 1939 quorum
1890 1861 2238 1923 terrarum
2293 1875 2578 1939 prorsus
2627 1857 2798 1922 nihil
2849 1859 3201 1940 possidere
3249 1876 3370 1923 eos

807 1978 1188 2041 constaret.
1258 1976 1504 2057 Itaque
1574 1977 1645 2040 hi
1713 1992 1986 2058 quoque
2057 1975 2302 2058 coloni,
2376 1976 2493 2057 qui
2567 1993 2733 2041 suos
2807 1977 3116 2057 ipsorum
3162 1993 3368 2057 agros

805 2094 1235 2175 relinquunt,
1314 2094 1586 2176 profugi
1669 2094 2137 2176 appellantur,
2220 2097 2294 2159 et
2379 2094 2659 2159 credere
2730 2111 3015 2160 necesse
3086 2095 3369 2160 videtur

805 2212 1022 2277 etiam
1069 2212 1253 2277 tales
1303 2213 1510 2277 terris
1562 2229 1736 2292 quas
1784 2212 2152 2283 coluerunt
2201 2212 2452 2293 ligatos
2499 2211 2739 2277 fuisse.

895 2331 1293 2395 Dominium
1364 2331 1580 2411 igitur
1650 2332 2003 2396 habebant
2067 2330 2311 2412 coloni,
2360 2331 2541 2413 quod
2593 2335 2830 2396 tamen
2894 2348 3032 2396 non
3081 2348 3369 2412 prorsus

803 2448 1014 2513 libere
1084 2466 1412 2514 exercere
1481 2451 1832 2531 poterant,
1904 2449 2064 2514 inde
2131 2449 2382 2529 peculii
2432 2466 2705 2513 nomen.
2757 2448 2909 2513 Non
2959 2448 3216 2514 licebat
3267 2450 3368 2514 eis

800 2584 1003 2648 agros
1048 2567 1208 2631 aliis
1251 2566 1653 2649 transferre,
1703 2567 2005 2632 vendere
2051 2570 2178 2632 aut
2226 2583 2498 2647 quoquo
2544 2567 2748 2632 modo
2786 2566 3091 2632 alienare
3133 2567 3365 2633 incon-

801 2685 1012 2750 sultis
1080 2688 1206 2750 aut
1277 2686 1533 2750 nesciis
1596 2685 1898 2750 dominis
1923 2682 1994 2762 2).
2037 2684 2306 2751 Η6111111
2354 2702 2648 2751 assensu
2698 2702 2872 2766 opus
2920 2701 3074 2750 esse
3120 2688 3363 2751 tamen

802 2820 1149 2885 nusquam
1219 2804 1527 2885 additur,
1598 2821 1685 2868 ex
1758 2820 1893 2885 quo
1946 2805 2236 2885 apparet
2285 2803 2571 2868 dominii
2617 2805 3048 2886 potestatem
3095 2803 3363 2885 paullu-

796 2900 950 3011 {um
997 2925 1281 2987 tantum
1331 2922 1643 2987 diminui.

889 3041 1020 3105 Per
1065 3058 1140 3105 se
1189 3040 1629 3121 intellegitur
1676 3040 1918 3104 colono
1968 3057 2103 3104 11611
2157 3039 2365 3105 116616
2412 3057 2655 3121 agrum
2699 3057 2906 3120 quem
2929 3041 3361 3106 conductum

796 3160 1008 3224 habet
1099 3159 1404 3224 alienare
1432 3155 1516 3240 ³);
1589 3159 1771 3239 quod
1872 3159 1935 3223 si
2025 3163 2261 3223 tamen
2354 3159 2630 3237 accidit,
2718 3176 2899 3223 novo
2973 3160 3360 3240 possessori

792 3294 959 3356 ager
1018 3280 1253 3357 potest
1296 3277 1509 3341 adimi
1557 3278 1659 3341 ita
1707 3280 1787 3341 ut
1834 3293 1922 3341 ne
1975 3276 2280 3358 pretium
2330 3277 2609 3356 quidem
2656 3277 2717 3341 ei
2760 3277 3080 3341 solvatur
3104 3272 3178 3356 ⁴).
3230 3277 3362 3342 Ne·

794 3412 927 3476 que
998 3413 1261 3460 nexum
1331 3395 1771 3477 praediorum
1819 3396 2046 3460 facere
2099 3398 2335 3476 potest
2386 3395 2670 3459 colonus
2717 3395 2972 3477 quippe
3026 3396 3144 3477 qui
3193 3395 3361 3460 obli·

866 3786 903 3856 ¹)
944 3784 1023 3840 Cf.
1062 3784 1275 3840 Kome.
1312 3783 1684 3852 Verfassung
1720 3785 1824 3840 des
1859 3784 2028 3861 Rom.
2066 3785 2301 3841 ReichS.
2336 3785 2382 3840 Ι.
2418 3799 2473 3853 p.
2508 3784 2629 3840 270.
2765 3803 2908 3834 ψει.
2965 3773 3042 3838 6³
3089 3785 3133 3855 Γ
3171 3759 3287 3826 ¹⁴5·

864 3873 904 3941 ¹)
946 3872 1009 3927 L.
1047 3873 1094 3926 1.
1132 3871 1191 3926 C.
1230 3871 1337 3926 Th.
1373 3870 1444 3926 V.
1484 3872 1565 3925 11.
1603 3871 1737 3926 Ν611
1776 3872 2024 3927 dubium
2063 3875 2173 3936 est,
2210 3872 2433 3927 colonis
2469 3886 2627 3938 arva,
2664 3884 2815 3940 quae
2833 3871 3143 3939 subigunt,
3164 3887 3362 3941 usque

792 3960 937 4015 adeo
974 3959 1273 4014 alienandi
1302 3959 1405 4027 Jus
1443 3972 1561 4013 11611
1601 3973 1751 4026 esse,
1789 3961 1875 4026 ut,
1912 3960 1977 4014 et
2011 3960 2062 4014 si
2100 3974 2218 4027 qua
2247 3960 2480 4028 propria
2502 3959 2778 4026 habeant,
2797 3957 3156 4013 inconsultis
3174 3960 3360 4027 atque

791 4048 1208 4117 ignorantibus
1261 4046 1529 4114 patronis
1581 4046 1642 4100 in
1699 4047 1919 4101 alteros
1972 4046 2292 4101 transferre
2350 4060 2469 4102 non
2523 4046 2716 4100 liceat.
2757 4076 2809 4083 —
2855 4046 2917 4100 L.
2962 4046 3013 4100 2.
3049 4046 3083 4112 ξ
3119 4047 3170 4100 3.
3209 4046 3271 4101 0.
3308 4046 3362 4102 J.

794 4137 901 4192 XI.
936 4137 1022 4190 50.
1061 4136 1209 4190 Cum
1248 4135 1409 4189 enim
1447 4134 1795 4202 saepissime
1834 4134 2142 4189 decretum
2183 4135 2279 4199 sit,
2319 4148 2394 4188 ne
2430 4133 2573 4202 quid
2602 4133 2674 4187 de
2693 4133 2923 4201 peculio
2942 4146 3051 4188 suo
3071 4134 3361 4203 cuiquam

791 4225 1135 4279 colonorum
1191 4221 1506 4290 ignorante
1560 4220 1801 4275 domino
1853 4221 2074 4289 praedii
2130 4222 2238 4275 aut
2290 4220 2547 4275 vendere
2588 4221 2696 4275 aut
2733 4219 2847 4275 alio
2883 4219 3059 4275 modo
3095 4220 3362 4276 alienare

791 4311 998 4366 liceret
1017 4352 1030 4365 .
1053 4351 1065 4364 .
1091 4350 1103 4364 .

861 4398 882 4431 8

858 4405 902 4550 *ζ
940 4397 1002 4539 ἓ.
1037 4397 1087 4538 ἑ.
1124 4396 1184 4538 g.
1219 4394 1441 4538 {hv}
1473 4395 1563 4536 318.
1598 4481 1931 4536 Universas
1966 4483 2174 4549 terrae,
2212 4494 2364 4550 quae
2402 4495 2437 4535 a
2473 4480 2698 4535 colonis
2735 4479 3048 4535 dominicis
3077 4479 3234 4547 juris
3272 4480 3361 4534 rei

788 4571 1059 4641 publicae
1111 4570 1205 4625 vel
1253 4569 1409 4637 juris
1461 4568 1826 4637 templorum
1878 4568 1941 4622 in
1996 4567 2263 4636 qualibet
2296 4567 2601 4636 provincia
2638 4565 2911 4620 venditae
2949 4566 3042 4621 vel
3080 4566 3201 4621 ullo
3238 4567 3362 4621 alio

786 4659 959 4726 pacto
994 4657 1288 4712 alienatae
1324 4657 1487 4723 sunt,
1525 4656 1598 4710 ab
1633 4655 1745 4724 his,
1784 4655 1885 4724 qui
1923 4669 2232 4724 perperam
2268 4656 2448 4722 atque
2486 4655 2695 4708 contra
2729 4653 2891 4721 leges
2925 4667 3028 4708 eas
3059 4653 3360 4720 detinent,

788 4744 954 4801 nulla
1007 4744 1167 4813 longi
1222 4743 1508 4812 temporis
1560 4742 2025 4811 praescriptione
2071 4741 2370 4797 officiente
2398 4741 2685 4808 jubemus
2721 4740 2976 4810 restitui,
3010 4740 3095 4795 ita
3132 4741 3202 4794 ut
3242 4754 3360 4795 nec

783 4832 1046 4901 pretium
1085 4831 1327 4900 quidem
1361 4830 1584 4899 iniquis
1619 4828 2126 4897 comparatoribus
2160 4841 2468 4898 reposcere
2502 4827 2694 4883 liceat.
