3770 5738
1226 1521 2240 1621 PRAEFATIO.

537 1864 730 1930 Duae
799 1866 1141 1947 imprimis
1202 1869 1372 1932 sunt
1434 1884 1685 1933 causae
1733 1884 1857 1932 cur
1904 1884 2154 1949 operae
2195 1868 2504 1949 pretium
2550 1869 2722 1933 mihi
2773 1870 3006 1936 visum

446 2000 545 2065 sit
590 2000 958 2066 colonatus
1004 2001 1300 2067 Romani
1331 2003 1697 2068 historiam
1743 2002 1971 2068 denuo
2018 2003 2339 2068 scribere.
2404 2003 2788 2084 Postquam
2818 2007 3006 2070 enim

449 2134 776 2202 SAVlGNY
809 2137 1165 2219 superiore
1212 2137 1491 2203 saeculo
1542 2137 1832 2202 ineunte
1853 2138 2020 2218 jure
2066 2137 2432 2203 colonatus
2480 2140 2755 2219 egregie
2802 2156 3005 2223 expo·

449 2271 587 2337 sito
660 2273 973 2338 omnium
1044 2291 1221 2354 quae
1261 2274 1511 2339 deinde
1558 2275 1844 2339 secutae
1892 2276 2063 2338 sunt
2110 2275 2786 2340 commentationum
2828 2276 3005 2357 ejus·

447 2408 604 2473 dem
697 2411 1096 2490 argumenti
1184 2410 1384 2491 quasi
1472 2408 1938 2475 fundamenta
2021 2409 2216 2491 jecit,
2311 2426 2514 2476 nemo
2607 2410 2759 2492 jam
2851 2412 3004 2494 ipsa

449 2544 614 2608 haec
703 2543 1163 2610 fundamenta
1245 2546 1648 2610 examinare
1718 2546 2073 2627 instituit;
2147 2546 2332 2610 unde
2401 2544 2669 2611 factum
2739 2549 2851 2612 est
2921 2550 3004 2612 ut

448 2686 535 2746 a0.
577 2681 1313 2747 MDCCCLXXXVIII
1361 2699 1427 2747 v,
1460 2682 1547 2747 cl.
1595 2682 1863 2748 Fusrm,
1911 2700 1997 2747 DE
2046 2681 2485 2764 COULANGES,
2534 2684 2608 2746 et
2654 2685 2814 2765 post
2838 2700 3001 2748 eum

446 2817 563 2883 alii
616 2834 910 2902 quoque,
957 2817 1186 2883 XLIII
1235 2818 1444 2901 leges,
1490 2834 1668 2899 quae
1717 2818 1801 2883 ad
1846 2817 2245 2884 colonatum
2272 2818 2729 2902 pertinerent,
2754 2822 3000 2885 extare

451 2956 784 3038 crederet,
858 2974 1019 3021 cum
1088 2959 1328 3021 tamen
1387 2956 1537 3039 jam
1608 2959 1776 3021 tunc
1846 2955 2072 3022 multo
2149 2956 2386 3037 plures
2453 2960 2776 3022 servatas
2846 2974 3000 3023 esse

449 3095 821 3157 constaret.
868 3093 1037 3157 Mihi
1083 3097 1324 3158 autem
1372 3093 1457 3157 de
1504 3093 1634 3158 hac
1681 3110 1756 3157 re
1803 3092 2041 3158 dedita
2087 3109 2296 3174 opera
2342 3094 2710 3173 quaerenti
2734 3093 3000 3159 CXXX

452 3228 592 3295 fere
647 3230 837 3309 leges
883 3228 1158 3295 oblatae
1206 3232 1398 3312 sunt,
1446 3230 1699 3309 quibus
1746 3230 1830 3294 de
1876 3229 2142 3294 colonis
2180 3229 2328 3294 solo
2353 3229 2714 3294 adstrictis
2737 3229 2996 3310 aliquid

444 3366 728 3448 majoris
789 3366 1165 3432 miuorisve
1212 3367 1549 3431 momenti
1595 3366 1948 3431 discimus
1999 3366 2199 3432 Nova
2243 3366 2457 3446 igitur
2503 3366 2803 3431 materia
2839 3384 2999 3431 cum

448 3506 651 3569 tanta
698 3504 1074 3569 accesserit
1095 3504 1341 3582 veteri,
1370 3503 1593 3568 multo
1617 3503 2018 3568 accuratius
2041 3519 2251 3584 quam
2275 3502 2501 3567 adhuc
2525 3502 2747 3585 licuit,
2772 3504 2997 3569 condi·

452 3641 721 3707 cionem
769 3640 1191 3705 colonariam
1238 3657 1650 3722 cognoscere
1696 3657 2091 3722 possumus.
2143 3639 2362 3721 Quam
2410 3656 2534 3720 ego
2560 3656 2640 3705 eo
2665 3639 2999 3706 libentius

444 3778 613 3842 mihi
659 3777 930 3859 sumpsi
970 3777 1438 3860 tractandam,
1465 3777 1644 3858 quod
1674 3793 1763 3842 ex
1790 3775 2116 3842 omnibus
2145 3775 2721 3861 „adhaerentiae”
2738 3776 2996 3857 generi-

446 3916 595 3999 ωε,
644 3932 822 3996 quae
869 3916 1211 3980 memorat
1257 3913 1554 3978 historia
1577 3912 1961 3995 hominum,
1985 3913 2320 3996 Romana,
2345 3914 2692 3994 quantum
2715 3913 2995 3996 quidem

438 4052 523 4118 ad
571 4051 888 4133 singulas
934 4067 1048 4116 res
1093 4049 1380 4133 attinet,
1427 4049 1629 4130 longe
1678 4049 1942 4132 optime
1989 4048 2365 4116 memoriae
2413 4052 2524 4115 est
2569 4048 2857 4114 tradita.

528 4189 792 4255 Deinde
862 4204 1028 4253 vero
1073 4188 1160 4252 ad
1211 4187 1537 4270 originem
1584 4202 1856 4269 quoque
1904 4185 2271 4252 colonatus
2310 4185 2761 4268 Judicandam
2807 4184 2992 4253 haud

440 4326 739 4392 alienum
793 4327 965 4391 mihi
1013 4326 1247 4390 visum
1295 4326 1406 4389 est
1453 4340 1835 4406 proponere
1882 4327 2229 4406 quantum
2277 4317 2785 4389 recentioribus
2808 4323 2994 4390 inda·

444 4466 837 4544 gationibus
885 4464 1400 4547 profecerimus.
1448 4463 1712 4543 Nempe
1760 4459 2137 4543 postremis
2186 4461 2374 4525 hisce
2413 4460 2619 4525 annis
2642 4459 2994 4542 permulta

449 4604 519 4666 et
565 4602 835 4684 egregia
882 4602 967 4667 de
1015 4618 1098 4666 ea
1144 4599 1315 4666 sunt
1370 4600 1785 4681 conscripta,
1835 4598 1957 4662 sed
1998 4597 2407 4680 plerumque
2430 4595 2656 4662 obiter
2685 4599 2991 4680 tantum,

452 4754 599 4803 cum
670 4741 751 4806 de
823 4739 1139 4805 saltuum
1201 4737 1712 4819 temperatione
1781 4742 2132 4816 ageretur.
2229 4732 2502 4816 Deerat,
2574 4738 2656 4799 ut
2717 4734 2992 4800 monuit

459 4887 519 4937 v.
590 4877 670 4941 cl.
714 4877 1101 4943 Gnuunnne
1151 4876 1247 4953 (in
1318 4876 1485 4940 noto
1533 4873 1758 4939 lexico
1814 4870 2508 4957 „Handworterbuch
2558 4869 2681 4934 der
2727 4868 2990 4936 Staats·
