3770 5738
2011 463 2097 527 78

762 665 1254 744 imperatorem
1302 663 1531 742 ipsum
1580 661 1772 725 adire
1810 663 2110 743 poterat,
2140 661 2364 726 veluti
2393 660 2618 726 colo‘ni
2645 661 2871 725 saltus
2902 661 3321 726 Burunitani

764 782 1218 847 Commodum
1266 780 1612 844 adierunt.

853 900 1366 966 Nonnullorum
1415 899 1759 963 scelerum
1809 897 2218 962 colonorum
2269 897 2338 961 in
2395 897 2666 977 legibus
2715 898 3030 978 singulae
3063 914 3322 979 poenae

762 1020 1285 1083 enumerantur.
1386 1016 1456 1080 Si
1532 1017 1968 1081 desertorem
2043 1016 2388 1096 adJ‘uvant
2465 1019 2547 1080 ut
2610 1016 2679 1079 in
2755 1016 3036 1097 praedio
3085 1016 3325 1097 lateat,

763 1138 898 1218 ipsi
976 1139 1201 1201 morte
1290 1137 1683 1217 puniuntur
1713 1130 1780 1211 1).
1879 1135 2060 1199 Item
2148 1135 2207 1197 si
2282 1134 2352 1198 in
2402 1133 2580 1199 falsa
2654 1138 2938 1199 moneta
3009 1134 3323 1199 cudenda

762 1255 1236 1319 ministerium
1307 1255 1781 1335 praebuerunt
1808 1249 1880 1335 2).
1977 1252 2050 1318 Si
2099 1254 2169 1316 in
2220 1253 2526 1334 sepulcri
2574 1252 2954 1318 violatione
3003 1251 3323 1334 deprensi

761 1376 950 1454 sunt,
1001 1376 1371 1454 postquam
1419 1372 1794 1436 tormentis
1820 1374 1991 1436 sunt
2018 1371 2339 1447 confessi,
2391 1371 2643 1451 capitis
2670 1373 3225 1436 condemnantur
3253 1364 3322 1447 3).

762 1490 834 1557 Si
905 1491 1277 1556 haereticis
1347 1490 1724 1554 sententiis
1798 1490 2321 1554 donatistarum
2392 1488 2608 1553 dediti
2679 1492 2869 1570 sunt,
2920 1491 3326 1555 verberibus

760 1628 802 1675 a
873 1627 1091 1691 prava
1157 1609 1489 1689 religione
1559 1609 1871 1673 revocari
1942 1604 2310 1687 debent⁴);
2383 1608 2442 1672 si
2513 1611 2751 1672 tamen
2845 1614 3323 1691 perseverant,

764 1728 1018 1811 peculii
1065 1728 1280 1792 tertia
1327 1730 1529 1807 parte
1580 1727 1982 1791 multantur
2010 1722 2078 1803 5).

853 1847 966 1911 DE
1038 1844 1733 1910 INTERDICTIONE
1806 1844 2286 1910 MUNERUM.
2363 1843 2600 1909 Coloni
2679 1844 2885 1908 vetiti
2937 1848 3141 1909 erant
3181 1844 3327 1910 ullo

763 1981 1049 2029 munere
1097 1948 1293 2043 fungi
1341 1963 1521 2043 quod
1572 1980 1689 2027 eos
1730 1963 1818 2027 ab
1865 1964 2054 2044 agris
2103 1962 2412 2028 colendis
2459 1963 2932 2027 abstraheret:
2983 1964 3042 2026 si
3089 1965 3326 2028 tamen

762 2307 798 2348 a
824 2292 1029 2359 judice
1067 2290 1250 2364 fuerit
1284 2292 1484 2359 aliqua
1521 2292 1751 2347 ratione
1789 2306 2140 2361 concussus,
2178 2292 2226 2345 si
2270 2291 2406 2359 quis
2443 2291 2556 2345 scit
2592 2278 2869 2344 v'enalem
2902 2290 3124 2358 deJure
3145 2290 3331 2348 fuisse

763 2380 1149 2446 sententiam,
1187 2378 1238 2432 si
1276 2379 1413 2447 quis
1448 2393 1702 2447 poenam
1739 2379 1835 2433 vel
1871 2380 2067 2447 pretio
2109 2379 2426 2434 remissam
2464 2378 2558 2432 vel
2596 2378 2745 2432 vitio
2770 2378 3121 2446 cupiditatis
3139 2379 3331 2448 inges-

762 2472 910 2533 tam,
964 2467 1016 2520 si
1070 2466 1205 2533 quis
1264 2468 1568 2535 postremo
1622 2480 2002 2535 quacumque
2053 2466 2124 2520 de
2173 2480 2354 2520 causa
2390 2465 2730 2533 improbum
2760 2464 3028 2531 judicem
3066 2467 3334 2534 potuerit

764 2554 1103 2623 approbare,
1157 2554 1209 2607 is
1262 2553 1357 2608 vel
1412 2553 1881 2608 administrante
1937 2568 2024 2623 eo,
2063 2553 2156 2609 vel
2193 2556 2329 2621 post
2365 2552 2956 2607 administrationem
2994 2553 3330 2622 depositam

764 2642 828 2696 in
866 2641 1173 2710 publicum
1210 2641 1471 2709 prodeat,
1508 2642 1736 2696 crimen
1775 2641 2017 2711 deferat,
2057 2641 2323 2696 delatum
2362 2640 2662 2709 approbet,
2702 2654 2838 2694 curn
2875 2642 3234 2712 probaverit,
3269 2643 3330 2698 et

766 2728 1076 2782 victoriam
1116 2730 1534 2796 reportaturus
1569 2730 1631 2783 et
1666 2727 1933 2796 gloriam.
1976 2758 2029 2766 —
2074 2728 2137 2783 L.
2174 2728 2224 2782 7.
2244 2728 2383 2781 ibid.
2421 2726 2706 2781 Severino
2727 2727 2940 2781 Comiti
2964 2727 3329 2783 R.P.Unus·

760 2816 1015 2885 quisque
1069 2817 1428 2884 procurator,
1484 2815 1861 2884 praepositus
1916 2797 2233 2884 gynaeceO,
2287 2814 2641 2882 tabulatiUS,
2695 2815 3022 2884 susceptor,
3077 2815 3328 2872 colonus
3433 2864 3440 2872 .

761 2904 857 2958 vel
912 2904 1278 2971 quicumque
1306 2915 1396 2957 ‘se
1448 2919 1483 2958 a
1537 2903 1755 2958 comite
1811 2903 2122 2958 domorum
2179 2902 2527 2958 meminerit
2581 2916 2712 2957 esse
2762 2917 3145 2968 concussum,
3182 2920 3325 2960 cum

759 2991 902 3060 ipse,
968 2991 1067 3045 cui
1119 2991 1437 3059 pecuniam
1494 2992 1920 3056 numeraverit,
1968 2990 2497 3045 administratione
2563 2989 2902 3059 decesserit,
2966 2991 3129 3046 intra
3178 2992 3326 3047 anni

761 3079 1028 3147 spatium
1078 3078 1151 3132 ad
1195 3078 1490 3145 judicium
1528 3078 1991 3147 spectabilitatis
2026 3080 2185 3148 tuae,
2221 3077 2510 3146 quidquid
2548 3077 2797 3143 dederit,
2835 3079 3205 3146 repetiturus
3241 3095 3327 3136 ac·

761 3167 978 3233 currat,
1014 3166 1085 3220 ut
1123 3165 1314 3233 prosit
1350 3165 1760 3232 pensionibus,
1798 3165 2091 3232 quidquid
2128 3164 2226 3220 ille
2265 3164 2610 3219 reddiderit.
2648 3164 2755 3218 Sin
2787 3179 2926 3220 vero
2958 3180 3035 3220 ex
3058 3168 3327 3235 tempore

762 3253 1066 3321 depositae
1128 3252 1671 3306 administrationis
1736 3252 2087 3320 praestituti
2147 3251 2434 3319 temporis
2490 3251 2789 3306 curricula
2842 3252 3327 3322 transfluxerint,

764 3340 932 3394 nulla
970 3354 1089 3393 vox
1127 3338 1536 3393 advocationis
1572 3340 1859 3407 emergat,
1897 3340 2001 3394 sed
2029 3339 2191 3407 ipsos
2212 3341 2640 3407 procuratoreS,
2661 3340 3049 3410 praepositos,
3068 3339 3327 3411 colonOS,

764 3427 1110 3496 tabularios
1148 3427 1528 3494 susceptores
1564 3427 1857 3481 obnoxios
1894 3426 1967 3480 ad
2007 3425 2376 3481 solutionem
2410 3426 2696 3494 jubemus
2734 3427 2967 3481 arctari.

834 3514 873 3582 ¹)
912 3514 973 3568 L.
1006 3514 1058 3568 8.
1096 3514 1129 3579 ξ
1168 3515 1216 3568 1.
1252 3512 1311 3568 C.
1350 3512 1456 3567 Tn.
1494 3512 1626 3567 VII.
1667 3513 1748 3567 18.
1788 3513 2008 3580 Quodsi
2044 3514 2391 3581 procurator
2426 3514 2825 3581 possessionis
2861 3515 2987 3568 sive
3013 3515 3194 3570 'actor
3229 3516 3324 3571 vel

761 3601 944 3655 etiam
998 3600 1247 3655 colonus
1299 3599 1592 3655 latebram
1647 3600 1935 3655 desertori
1980 3600 2223 3655 domino
2261 3600 2578 3667 ignorante
2614 3601 3004 3669 praestiterit,
3043 3602 3326 3657 detectus

760 3688 822 3743 in
864 3687 1114 3742 crimine
1152 3686 1390 3754 capitali
1429 3686 1721 3754 supplicio
1758 3687 2150 3755 mancipetur.
2195 3716 2248 3724 —
2294 3686 2362 3740 cf.
2400 3687 2546 3741 Nov.
2582 3686 2710 3742 Val.
2748 3686 2849 3742 VI.
2891 3690 2937 3742 1.
2974 3690 3007 3755 ἓ
3045 3690 3089 3743 1.
3128 3690 3234 3745 fin.

831 3776 871 3839 ²)
910 3775 970 3829 L.
1008 3775 1056 3827 2.
1095 3775 1128 3840 ἓ
1163 3775 1214 3828 4.
1250 3774 1310 3827 C.
1348 3772 1455 3828 Th.
1490 3772 1597 3827 IX.
1633 3773 1720 3827 21.
1755 3775 1941 3827 Actor
1975 3772 2147 3828 fundi
2185 3774 2277 3827 vel
2315 3788 2526 3828 servus
2564 3774 2656 3828 vel
2693 3774 2887 3830 incola
2923 3776 3018 3830 vel
3053 3776 3322 3842 colonuS,

764 3862 865 3931 qui
922 3861 1034 3916 hoc
1089 3861 1497 3916 ministerium
1535 3861 1637 3929 (sc.
1672 3861 1734 3915 in
1774 3860 1924 3915 falsa
1971 3862 2218 3915 moneta
2253 3861 2547 3924 cudenda)
2583 3863 2876 3930 praebuit,
2911 3878 3050 3918 cum
3089 3878 3176 3935 eo,
3215 3866 3319 3934 qui

762 3949 919 4018 fecit,
956 3948 1250 4016 supplicio
1288 3948 1531 4017 capitali
1573 3948 1885 4016 plectetur.

831 4036 870 4105 ⁸)
908 4036 1057 4092 Nov.
1110 4035 1238 4090 Val.
1277 4035 1478 4090 XXII.
1533 4037 1566 4102 ξ
1619 4035 1668 4090 3.
1707 4035 1924 4091 Servos
1961 4035 2319 4102 colonosque
2357 4036 2418 4090 in
2459 4036 2570 4091 hoc
2609 4035 2869 4092 facinore
2907 4038 2963 4104 (i.
2986 4053 3035 4093 e.
3060 4040 3319 4108 sepulcri

761 4124 1105 4192 violatione)
1142 4122 1544 4192 deprehensos
1580 4122 1717 4177 duci
1754 4123 2034 4190 protinus
2069 4122 2140 4175 ad
2180 4123 2480 4178 tormenta
2511 4125 2845 4179 conveniet.
2883 4125 2942 4179 Si
2968 4126 3039 4180 de
3064 4141 3176 4180 sua
3194 4130 3320 4183 tan·

762 4213 897 4266 tum
935 4209 1163 4265 fuerint
1199 4210 1541 4264 temeritate
1578 4208 1854 4276 confessi,
1891 4209 2066 4264 luant
2103 4210 2424 4264 commissa
2459 4211 2754 4279 sanguine
2791 4227 2928 4267 suo:
2966 4213 3018 4266 si
3041 4214 3323 4270 dominos

764 4298 923 4352 inter
958 4296 1248 4366 supplicia
1284 4297 1451 4351 nullo
1485 4297 1896 4363 interrogante
1934 4297 2278 4366 nexuerint,
2315 4299 2536 4366 pariter
2571 4299 2921 4366 puniantur.

831 4384 879 4450 ⁴)
918 4384 980 4438 L.
1015 4385 1101 4438 52.
1132 4385 1166 4451 5
1201 4384 1250 4438 4.
1290 4383 1349 4437 C.
1387 4382 1493 4437 Th.
1512 4383 1677 4438 XVI.
1697 4385 1747 4438 5.
1768 4383 1984 4438 Servos
2004 4383 2187 4438 etiam
2208 4384 2589 4440 dominorum
2609 4386 2941 4441 admonitio
2962 4388 3053 4442 vel
3076 4387 3320 4444 colonos

762 4471 1080 4526 verberum
1133 4470 1390 4525 crebrior
1440 4470 1603 4524 ictus
1656 4485 1691 4524 a
1747 4484 1929 4539 prava
1982 4471 2269 4538 religione
2324 4473 2642 4541 revocabit,
2697 4474 2759 4527 ni
2817 4474 3056 4529 malunt
3091 4475 3203 4544 ipsi
3243 4477 3317 4532 ad

762 4558 1070 4625 praedicta
1108 4558 1436 4626 dispendia,
1470 4558 1655 4612 etiam
1693 4557 1743 4611 si
1780 4558 1930 4611 sunt
1965 4557 2261 4623 catholici,
2299 4559 2563 4614 retineri.

836 4645 875 4712 ⁶)
930 4644 992 4698 L.
1044 4647 1129 4700 54.
1181 4646 1214 4712 ἓ
1260 4646 1313 4699 8.
1349 4645 1407 4700 C.
1447 4644 1553 4700 Th.
1590 4643 1754 4699 XVI.
1790 4647 1840 4699 5.
1878 4645 2095 4699 Servos
2132 4660 2271 4701 vero
2310 4648 2371 4701 et
2408 4646 2648 4703 colonos
2685 4649 2964 4703 coercitio
3001 4651 3074 4705 ab
3110 4650 3318 4720 huJ'us·

765 4731 926 4786 modi
981 4731 1229 4787 ausibus
1282 4732 1663 4787 severissima
1716 4731 2061 4786 vindicabit.
2115 4734 2204 4788 Ac
2257 4733 2309 4788 si
2364 4733 2558 4790 coloni
2612 4736 2958 4792 verberibus
3011 4738 3197 4793 coacti
3252 4738 3317 4793 in

764 4819 1068 4892 proposito
1104 4819 1581 4890 perduraverint,
1616 4821 1767 4875 tunc
1802 4820 1986 4876 tertia
2020 4821 2237 4889 peculii
2276 4822 2372 4877 sui
2409 4824 2581 4891 parte
2616 4824 3007 4881 mulctentur.
