3770 5738
1702 499 1790 564 45

466 700 577 764 Ex
624 716 760 781 quo
808 698 1019 764 simul
1042 702 1337 780 apparet
1360 698 1622 779 pariter
1646 715 1727 763 ac
1752 699 2035 764 colonos
2060 698 2275 769 etiam
2302 698 2679 780 inquilinos
2703 698 3032 780 censitOS,

468 818 514 884 i.
562 835 621 883 e.
679 821 765 883 ut
807 817 990 883 infra
1033 817 1654 899 demonstrabitur,
1704 817 2187 900 adscripticios
2233 816 2386 883 ess‘e
2434 834 2658 899 posse.
2706 817 3033 898 Legimus

470 937 544 1002 in
592 935 667 1000 L.
715 937 778 1002 6.
823 935 895 1003 C.
943 936 1006 1000 J.
1054 935 1180 1001 XI.
1233 936 1354 999 48:
1414 935 1880 1018 „adscripticii
1928 935 2151 1000 coloni
2197 936 2309 1001 vel
2358 933 2722 1016 inquilini”
2752 939 2826 1001 et
2847 935 3030 1017 apud

471 1053 708 1120 Sidon.
756 1042 986 1135 'ApolL
1035 1053 1148 1131 (V.
1200 1071 1306 1135 ep.
1363 1054 1468 1135 19)
1524 1053 1887 1139 „inquilini
1935 1053 2357 1118 tributarii.''
2743 1092 2750 1101 -

567 1173 681 1237 DE
731 1170 1405 1236 ADSCRIPTICIIS.
1459 1171 1894 1252 Quamquam
1941 1172 2012 1236 in
2056 1172 2584 1253 interpretando
2608 1162 3033 1253 adscriptici-

475 1308 676 1355 orum
747 1290 1028 1355 nomine
1099 1307 1180 1354 ac
1251 1305 1504 1370 genere
1564 1289 1765 1370 plura
1814 1289 2238 1354 documenta
2286 1290 2487 1355 nobis
2534 1295 2815 1371 praesto
2864 1293 3033 1356 sunt

475 1416 703 1489 quam
745 1409 815 1473 in
866 1408 1344 1489 disputatione
1394 1407 1478 1477 de
1524 1408 1909 1489 inquilinis,
1959 1425 2094 1472 non
2145 1408 2380 1473 minus
2428 1408 2703 1473 difficile
2750 1412 2861 1473 est
2908 1425 3032 1490 pro

476 1530 667 1593 certo
714 1529 1031 1592 statuere
1079 1543 1255 1608 quae
1303 1526 1909 1608 adscripticiorum
1956 1526 2268 1591 condicio
2315 1525 2550 1591 fuerit.
2594 1528 2753 1592 Jam
2784 1526 3033 1591 statim

478 1645 949 1727 quaerendum
1018 1646 1130 1709 est
1199 1661 1371 1708 num
1432 1661 1515 1715 re
1587 1660 1756 1708 vera
1805 1643 2210 1709 colonorum
2258 1662 2548 1710 numero
2596 1644 3033 1710 attribuendi

386 1786 387 1789 ¹
477 1764 640 1828 sint.
707 1762 874 1828 Fuit
917 1763 1107 1827 enim
1160 1762 1575 1827 Ronssmzoeus
1621 1762 1741 1842 qui
1789 1754 2082 1842 prob'are
2131 1765 2503 1827 conaretur
2551 1755 3038 1843 adscriliticios

476 1882 690 1946 fuisse
738 1898 1003 1947 servos
1056 1880 1438 1962 Postquam
1486 1880 1854 1983 admonuit
1900 1881 2182 1962 saepius
2208 1881 2278 1944 in
2307 1880 2578 1961 legibus
2602 1882 3033 1946 mentionem

478 1999 624 2064 fieri
670 1998 1075 2064 colonorum
1124 1999 1485 2064 liberorum
1529 1999 1635 2063 ita
1680 1994 2031 2080 pergit:2¹)
2085 1997 2358 2082 „Wenn
2392 1999 2605 2064 somit
2629 1998 2755 2064 das
2778 1998 3033 2064 Dasein

478 2118 667 2183 eines
718 2117 935 2182 freien
987 2116 1317 2183 Colonats
1364 2116 1857 2181 ausdrucklich
1905 2117 1975 2181 in
2029 2106 2257 2181 dieser
2302 2115 2521 2182 Stelle
2548 2114 2602 2199 ²)
2651 2117 3034 2198 dargethan
3083 2122 3097 2137 ⁸

479 2236 673 2318 wird,
699 2253 777 2301 so
803 2236 971 2316 geht
995 2236 1174 2300 auch
1200 2252 1327 2301 aus
1353 2235 1511 2300 dem
1539 2234 1960 2316 Gegensatz,
1987 2235 2056 2299 in
2085 2234 2396 2300 welchen
2425 2235 2739 2300 derselbe
2764 2253 2849 2300 zu
2877 2235 3035 2300 dem

478 2354 1090 2435 adscripticischen
1138 2353 1430 2419 Colonat
1477 2354 1788 2436 gestellt,
1837 2354 1971 2417 wie
2014 2353 2481 2436 da1·aus,dasz
2510 2353 2666 2418 dem
2693 2354 3035 2418 letzteren

484 2490 614 2537 nur
666 2472 1050 2551 Peculium,
1102 2472 1226 2536 das
1274 2472 1433 2536 dem
1481 2471 1711 2536 Herrn
1761 2473 2036 2553 gehore,
2084 2472 2559 2552 zugestanden
2612 2472 3035 2554 wird,noth·

487 2591 763 2672 wendig
810 2590 1085 2673 hervor,
1135 2590 1301 2655 dasz
1352 2590 1576 2655 dieser
1622 2590 2193 2671 adscripticische
2242 2589 2536 2656 Colonat
2566 2592 2678 2655 ein
2704 2589 3036 2655 Sklaven-

484 2709 761 2774 colonat
809 2727 975 2774 war.
1024 2708 1187 2774 Dies
1235 2709 1411 2773 wird
1459 2709 1625 2773 aber
1671 2710 1850 2773 auch
1899 2708 2116 2773 durch
2171 2708 2346 2773 Nov.
2400 2711 2506 2774 54.
2535 2709 2899 2790 bestatigt,
2929 2725 3036 2793 wo

485 2827 591 2894 die
684 2827 997 2894 condicio
1065 2827 1515 2910 adscripticia
1584 2826 2075 2893 ausdrucklich
2146 2826 2301 2892 eine
2378 2827 2658 2893 servilis
2727 2829 3040 2908 genannt

488 2947 680 3012 wird.
736 2946 892 3012 Und
941 2947 1105 3012 dasz
1153 2947 1279 3012 das
1323 2946 1605 3011 servilis
1652 2947 1802 3011 hier
1848 2945 2170 3011 wortlioh
2217 2963 2305 3011 zu
2333 2947 2709 3011 verstehen
2730 2947 2846 3027 ist,
2871 2947 3042 3026 geht

484 3065 743 3130 wieder
805 3082 934 3130 aus
980 3066 1055 3130 L.
1107 3065 1214 3131 23.
1265 3065 1335 3131 C.
1386 3065 1447 3130 J.
1496 3064 1623 3130 XI.
1673 3064 1781 3129 47.
1831 3065 1968 3142 (48)
2018 3064 2395 3156 schlagend
2445 3066 2718 3145 hervor,
2772 3081 2880 3129 wo
2926 3064 3038 3129 fur

483 3182 617 3247 alle
664 3182 819 3247 Zeit
866 3182 976 3248 die
1017 3182 1555 3263 Freilassungen
1606 3183 1728 3248 der
1778 3181 2285 3263 Adscripticier
2310 3184 2670 3264 verboten,
2701 3183 2891 3248 diese
2919 3182 3040 3248 der

488 3301 964 3382 unbedingten
1014 3300 1449 3366 Erblichkeit
1494 3302 1683 3366 ihres
1728 3298 2054 3383 StandeS,
2097 3318 2175 3366 so
2221 3301 2356 3365 wie
2404 3301 2514 3365 fur
2560 3300 2696 3366 alle
2721 3301 2877 3366 Zeit
2908 3301 3041 3365 mit

489 3419 681 3484 ihren
739 3419 1268 3485 Naohkommen
1333 3419 1455 3483 der
1504 3419 2038 3500 Versteuerung
2084 3419 2180 3484 im
2226 3418 2517 3501 Kapital
2564 3419 3041 3485 unterworsen

440 3553 450 3560 ·
489 3538 764 3602 werden
816 3537 980 3619 und,
1027 3554 1235 3602 wenn
1282 3537 1564 3620 fugitiv,
1613 3537 1789 3602 nach
1840 3536 2289 3618 Sklavenart,
2342 3537 2474 3602 wie
2500 3536 2714 3602 Diebe
2739 3555 2827 3602 an
2854 3537 3041 3602 ihrer

494 3655 768 3736 Person,
821 3654 1123 3720 bestraft
1169 3656 1451 3721 werden
1500 3655 1790 3721 sollen.''

579 3772 700 3838 Sin
748 3776 990 3838 autem
1037 3773 1224 3838 locos
1271 3790 1445 3854 quos
1492 3774 1737 3839 laudat
1784 3773 1864 3838 R.
1894 3773 2292 3838 accuratius
2317 3773 2749 3855 inspicimuS,
2777 3790 3042 3855 compe·

494 3891 709 3956 rimus
779 3908 1067 3974 prorsus
1136 3892 1488 3956 contraria
1562 3909 1650 3957 ex
1722 3892 1808 3957 iis
1868 3891 2226 3957 efficienda
2274 3908 2426 3956 esse
2472 3895 2688 3971 atque
2736 3908 2820 3956 ea
2865 3907 3043 3972 quae

497 4008 969 4075 demonstrare
1054 4009 1304 4074 voluit.
1392 4010 1725 4075 Novellae
1804 4010 1991 4075 Just.
2077 4010 2187 4074 54.
2269 4009 2458 4074 enim
2528 4007 2870 4091 praefatio
2941 4010 3046 4075 ita

495 4132 730 4193 sonat:
785 4127 905 4212 „In
955 4127 1257 4208 quadam
1305 4130 1704 4193 nostrarum
1759 4127 2353 4192 constitutionum
2381 4127 2560 4192 nihil
2589 4127 3045 4193 obscuritatis

497 4244 794 4312 habente
864 4248 1097 4312 motae
1153 4249 1324 4311 sunt
1387 4246 1840 4327 quaestiones
1883 4246 1969 4310 ab
2017 4245 2369 4326 aliquibus
2418 4262 2509 4310 ex
2553 4244 2792 4311 studio
2840 4248 2916 4310 et
2955 4246 3044 4311 ad

566 4509 602 4579 ²)
639 4510 759 4566 Zur
811 4509 1172 4567 Geschichte
1225 4512 1330 4567 der
1380 4511 1763 4580 agrarischen
1816 4509 2251 4578 Entwicklung
2303 4509 2506 4566 Roms.
2540 4510 2918 4566 Jahrbiicher
2952 4510 3050 4566 fur

501 4594 1108 4654 National-0konomie
1143 4599 1269 4654 und
1307 4598 1606 4655 Stat-istik.
1644 4597 1900 4653 Zweiter
1935 4597 2121 4653 Band.
2159 4597 2310 4653 1864.
2344 4611 2400 4667 p.
2438 4598 2558 4653 251.

565 4684 604 4753 ¹)
640 4685 703 4740 L.
759 4686 807 4739 1.
860 4688 891 4754 ξ
926 4685 976 4740 3.
1015 4684 1073 4740 C.
1109 4685 1162 4741 J.
1199 4685 1309 4741 XI.
1342 4686 1427 4741 53.
1464 4685 1538 4740 In
1574 4685 1803 4740 libertis
1837 4686 2038 4754 etiam,
2075 4699 2225 4753 quos
2261 4685 2387 4754 pari
2424 4684 2813 4754 usurpatione
2849 4699 3046 4741 susce·

503 4771 661 4835 perit.
708 4771 762 4826 is
798 4771 1014 4827 modus
1048 4773 1144 4839 sit,
1181 4787 1362 4842 quem
1399 4773 1556 4828 circa
1589 4771 1805 4829 liberos
1839 4772 2128 4828 duximus
2162 4771 2403 4829 colonos
2438 4771 2838 4827 retinendum.
2872 4801 2925 4811 -
2962 4771 3046 4828 De

508 4853 763 4923 „liberis”
800 4857 1026 4914 colonis
1059 4859 1194 4915 vide
1229 4874 1285 4928 p.
1319 4859 1405 4915 33.
