3770 5738
1647 497 1733 562 67

401 698 549 762 sive
619 715 784 762 cum
851 697 1001 763 viro
1073 698 1135 761 d.
1209 698 1347 762 Lno
1419 698 1635 762 facias
1705 714 1858 762 eam
1909 696 2345 777 pendendam
2395 697 2612 761 fuisse
2653 698 2976 762 omnibus

400 816 668 880 civibus
744 815 928 879 infra
998 818 1271 880 certum
1347 816 1695 896 quoddam
1767 818 1982 880 tenue
2056 815 2360 895 vectigal
2437 852 2519 860 —
2594 818 2976 897 utcumque

401 950 509 997 res
555 951 628 998 se
678 934 917 1013 habet,
968 933 1193 997 coloni
1234 904 1315 997 'in
1369 950 1608 997 eorum
1663 951 1951 997 numero
2001 936 2191 1013 sunt,
2243 933 2360 1012 qui
2410 933 2680 997 tributo
2724 934 2979 1015 capitis

404 1058 569 1116 sunt
614 1052 925 1116 obnoxii.
1025 1051 1539 1132 Capitationem
1587 1052 1944 1115 terrenam
1994 1051 2306 1131 profecto
2356 1051 2403 1114 ii
2442 1054 2726 1116 tantum
2753 1052 2978 1117 coloni

404 1170 794 1251 solvebant,
887 1170 1005 1249 qui
1089 1172 1369 1250 praeter
1454 1186 1704 1248 agrum
1793 1168 2223 1233 conductum
2309 1169 2527 1233 etiam
2618 1169 2835 1234 alium
2905 1171 2976 1234 in

408 1288 711 1353 dominio
764 1289 1121 1352 habebant
1149 1283 1220 1362 1).

495 1406 689 1471 Haec
785 1407 1024 1470 tamen
1121 1422 1258 1470 non
1320 1380 1565 1469 ’omnia
1634 1405 1908 1470 tributa
1980 1407 2187 1470 erant
2259 1404 2699 1485 colonorum3
2776 1409 2981 1471 erant

413 1525 596 1589 enim
668 1541 847 1605 quae
918 1524 1052 1605 ipsi
1127 1540 1251 1605 pro
1323 1540 1418 1605 se,
1468 1526 1674 1588 erant
1722 1526 1964 1588 autem
2013 1523 2231 1588 etiam
2278 1540 2461 1604 quae
2509 1541 2632 1605 pro
2682 1523 2983 1589 dominis

417 1642 796 1708 solverent.
892 1642 987 1706 Ea
1057 1641 1172 1706 lex
1245 1658 1455 1721 quam
1532 1643 1812 1723 saepius
1870 1641 2020 1722 Jam
2073 1642 2378 1724 laudavi,
2427 1641 2982 1707 Anastasianam

416 1761 592 1843 vole,
644 1761 728 1825 de
781 1760 885 1824 eis
934 1761 1053 1841 qui
1106 1763 1266 1842 post
1311 1760 1528 1824 XXX
1573 1777 1796 1824 annos
1846 1761 2073 1825 coloni
2098 1760 2269 1825 facti
2297 1764 2486 1843 sunt,
2513 1762 2617 1826 ita
2639 1761 2981 1842 loquitur:

421 1874 599 1957 „zai
664 1860 880 1944 οὗτοι
941 1867 1019 1943 δὲ
1083 1872 1667 1968 ἀναγκάζονται
1736 1874 1875 1944 καὶ
1927 1875 2064 1969 τὴν
2113 1883 2256 1968 γῆν
2305 1886 2659 1968 γεωργεῖν
2708 1874 2843 1945 καὶ
2894 1879 2983 1945 τὸ

419 1974 1081 2086 τέλος-’παρέχων’
1110 1996 1179 2077 2).
1196 2000 1425 2063 Etiam
1453 1999 1891 2064 manifestior
1919 2003 2030 2064 est
2055 1999 2126 2063 L.
2157 2001 2263 2065 20.
2286 1999 2430 2065 C.J.
2451 2000 2576 2065 XI.
2597 2001 2707 2066 48.
2737 2001 2808 2064 in
2844 2017 2982 2080 qua

420 2121 705 2203 ponitur
740 2120 1061 2185 colonum
1103 2120 1453 2200 quendam
1496 2136 1654 2183 cum
1696 2119 1974 2184 domino
2016 2136 2142 2184 suo
2185 2119 2267 2184 de
2293 2120 2598 2185 dominio
2624 2120 2823 2184 fundi
2847 2120 2984 2184 liti-

421 2256 613 2320 gareg
649 2239 1063 2320 praescribit
1095 2256 1176 2303 ea
1211 2237 1326 2302 lex
1356 2238 1696 2319 quomodo
1728 2239 2076 2323 agendum
2108 2238 2205 2302 sit
2233 2239 2568 2318 quamdiu
2601 2239 2829 2304 adhuc
2855 2240 2985 2304 sub
3063 2270 3068 2279 ·

411 2358 646 2438 judice
708 2358 797 2423 lis
845 2359 960 2421 sit.
1027 2357 1409 2436 Postquam
1459 2356 1757 2437 primum
1810 2356 2044 2420 omnia
2084 2356 2440 2421 ordinavit
2488 2357 2572 2422 de
2618 2357 2984 2439 reditibUS,

423 2478 522 2541 sic
592 2476 823 2557 pergit
895 2479 955 2553 (ἓ
1004 2475 1104 2552 3);
1184 2474 1416 2559 „Haec
1488 2474 1572 2538 de
1644 2474 1992 2539 reditibus
2069 2474 2484 2540 definientes
2530 2475 2615 2540 ad
2670 2476 2987 2557 publicas

423 2597 873 2659 transeamus
955 2584 1375 2673 functioneS,
1463 2598 1537 2657 et
1623 2593 1971 2673 siquidem
2046 2592 2272 2658 coloni
2341 2611 2527 2659 more
2595 2595 2791 2659 solito
2863 2611 2983 2659 eas

235 2716 249 2733 ⁶
332 2782 335 2783 ⁷
424 2712 846 2793 dependant,
916 2712 1050 2794 ipsi
1122 2714 1456 2783 maneant
1507 2712 1572 2774 in
1622 2712 1925 2791 pristina
1973 2711 2502 2794 consuetudine,
2551 2712 2744 2777 nullo
2798 2728 2985 2794 prae-

412 2831 679 2912 Judicio
728 2830 1027 2897 dominis
1073 2829 1488 2912 generando,
1537 2830 1654 2910 qui
1707 2832 1779 2894 et
1833 2806 2364 2909 quiescentibus
2411 2830 2674 2896 colonis
2723 2833 2797 2896 et
2843 2847 2982 2896 non

420 2949 1067 3015 contradicentibus
1153 2949 1239 3012 ad
1313 2949 1669 3030 publicum
1734 2949 2153 3013 tributarias
2224 2948 2624 3014 functiones
2695 2949 2984 3014 minime

421 3067 838 3134 inferebant.
931 3066 1050 3132 Sin
1124 3071 1362 3131 autem
1432 3067 1647 3131 moris
1718 3070 1873 3131 erat
1944 3067 2263 3132 dominos
2341 3070 2569 3132 totam
2634 3085 2983 3133 summam

420 3189 734 3268 accipere
786 3187 860 3250 et
905 3203 994 3250 ex
1043 3202 1125 3251 ea
1172 3189 1440 3267 partem
1493 3185 1773 3264 quidem
1812 3185 1883 3249 in
1912 3185 2232 3266 publicas
2260 3188 2535 3250 vertere
2560 3186 2982 3268 functioneS,

425 3381 604 3435 unter
641 3379 758 3433 den
795 3377 1171 3433 Decurionen
1206 3377 1423 3432 stand·
1449 3409 1499 3416 —
1536 3378 1685 3433 Vide
1721 3378 1905 3433 etiam
1942 3378 2217 3445 Poena-A,
2257 3378 2695 3434 Institutionen
2721 3378 2766 3434 1.
2789 3393 2844 3448 p.
2863 3379 2984 3435 341.

420 3466 693 3531 Manus,
748 3464 853 3520 Die
891 3464 1261 3532 Verfassung
1305 3464 1431 3520 und
1470 3465 1865 3533 Verwaltung
1902 3465 2007 3520 des
2043 3465 2383 3520 romischen
2421 3464 2677 3521 StaateS.
2714 3466 2868 3521 1882.
2905 3465 2983 3522 II.

419 3567 473 3622 p.
508 3554 639 3620 4455
682 3552 1055 3607 ZACHAmAn
1088 3566 1205 3606 vox
1244 3552 1675 3620 Lmeun'rnnn,
1710 3551 1790 3607 l.l.
1825 3567 1879 3620 p.
1916 3552 1953 3606 8
1987 3553 2050 3606 et-
2087 3553 2171 3607 10.

490 3640 528 3708 ¹)
566 3640 628 3695 L.
685 3639 735 3693 4.
792 3638 850 3694 C.
887 3637 938 3694 J.
977 3638 1084 3693 XI.
1120 3639 1290 3694 48...
1330 3638 1485 3693 Sane
1523 3639 1742 3707 quibus
1778 3642 2073 3694 terrarum
2112 3639 2227 3694 erit
2262 3639 2818 3708 quantulacumque
2855 3653 2982 3708 pos·
3041 3693 3044 3698 ,
3090 3652 3102 3670 “

418 3728 622 3794 sessiO,
679 3726 780 3794 qui
834 3726 897 3780 in
952 3726 1081 3780 suis
1123 3725 1445 3793 conscripti
1480 3725 1626 3780 locis
1663 3727 1897 3794 proprio
1935 3726 2180 3780 nornine
2218 3726 2385 3780 libris
2420 3726 2804 3781 censualibus
2842 3726 2986 3781 deti·

418 3816 745 3869 nentur...
796 3827 900 3867 eos
954 3813 1239 3868 convenit
1290 3813 1556 3881 propriae
1594 3814 1947 3867 commissos
1985 3812 2384 3868 mediocritati
2423 3813 2785 3868 annonarias
2822 3812 2985 3868 func·

418 3901 611 3957 tiones
648 3900 763 3954 sub
798 3900 973 3954 solito
1009 3902 1286 3955 exactore
1324 3914 1699 3967 cognoscere.
1743 3930 1794 3938 —
1840 3901 2226 3955 Annonariae
2253 3899 2594 3955 functiones
2613 3901 2738 3954 sive
2757 3900 2986 3969 species

417 3988 498 4052 (L.
554 3988 638 4042 15.
699 3986 756 4041 C.
811 3986 916 4042 Th.
972 3987 1079 4042 XI.
1140 3989 1209 4051 1.)
1253 3988 1427 4042 erant
1460 3987 1877 4042 addimentum
1908 3986 2245 4055 ,iugationis
2282 3988 2573 4056 terrenae,
2610 3986 2714 4042 sed
2753 4001 2874 4042 non
2913 3989 2985 4043 ut

418 4075 562 4131 haec
617 4076 683 4131 in
736 4090 897 4142 aure,
950 4075 1055 4129 sed
1102 4076 1164 4129 in
1201 4075 1510 4143 speciebus
1547 4076 1817 4129 solutum
1852 4089 1955 4143 pro
1994 4078 2126 4129 rata
2160 4076 2328 4142 parte
2365 4074 2437 4129 cf.
2475 4074 2779 4142 SAvaY,
2817 4074 2985 4130 Rom.

418 4161 1008 4230 Steuerverfassung.
1061 4176 1115 4229 p.
1169 4162 1200 4216 7
1213 4178 1228 4230 ;
1268 4162 1340 4216 de
1378 4161 1725 4217 discrimine
1764 4162 1898 4218 vide
1933 4162 2116 4216 etiam
2156 4161 2499 4232 KARLOWA,
2536 4162 2705 4216 Rom.
2741 4161 2989 4218 Rechts·

419 4249 766 4317 geschichte
802 4263 855 4317 p.
892 4248 938 4303 Ι.
971 4249 1094 4303 906.

489 4337 638 4392 Nov.
691 4335 846 4390 Just.
901 4335 1234 4391 CXXVIII.
1270 4349 1395 4404 cap.
1449 4337 1534 4390 14.
1570 4336 1788 4390 Nullus
1829 4337 2036 4390 autem
2073 4337 2317 4403 penitus
2352 4334 2709 4390 molestetur
2743 4349 2847 4403 pro
2887 4336 2986 4390 tri·

424 4423 583 4479 butis
628 4427 922 4479 terrarum
958 4437 1109 4492 quas
1147 4436 1266 4478 non
1303 4422 1582 4490 possidet,
1631 4422 1735 4476 sed
1772 4423 1956 4477 etiam
1994 4423 2044 4477 si
2068 4423 2380 4490 contingat
2397 4422 2788 4490 agricultores
2810 4422 2986 4478 alicui

428 4512 830 4579 competentes
879 4512 988 4564 aut
1042 4509 1454 4578 adscripticios
1512 4510 1808 4578 propriam
1846 4510 2064 4564 habere
2101 4509 2559 4578 possessionem,
2600 4510 2734 4565 illos
2773 4524 2877 4578 pro
2915 4525 2986 4567 ea

432 4598 659 4664 publica
694 4597 855 4665 exigi
892 4598 1134 4660 tributa,
1174 4597 1415 4651 domino
1453 4611 1663 4651 eorum
1700 4595 1932 4651 nullam
1970 4611 2073 4664 pro
2111 4598 2197 4652 eis
2234 4595 2575 4652 molestiam
2615 4597 2985 4668 sustinente,

438 4684 545 4738 nisi
580 4683 729 4740 forte
765 4684 997 4752 propria
1033 4684 1346 4739 voluntate
1385 4683 1489 4738 tali
1525 4682 1816 4738 functioni
1857 4698 1922 4738 se
1966 4683 2107 4739 fecit
2141 4683 2491 4740 obnoxium.

504 4770 544 4833 ²)
577 4771 637 4826 L.
692 4771 775 4826 19.
829 4770 888 4826 C.
927 4769 981 4825 J.
1016 4770 1126 4826 XI.
1159 4771 1328 4826 48...
1366 4771 1594 4826 atenim
1631 4771 1694 4826 hi
1730 4784 1967 4838 quoque
2005 4772 2068 4825 et
2102 4773 2323 4826 terram
2358 4770 2548 4826 colere
2585 4771 2649 4825 et
2685 4770 2984 4827 tributum

447 4854 658 4913 solvere
689 4859 1009 4926 coguntur.

2739 4955 2807 5009 5*
