3770 5738
1708 495 1750 563 3

438 696 718 771 nemini,
759 694 987 779 cred0,
1016 695 1331 761 definitio
1356 695 1479 760 illa
1502 694 1935 761 satisfaciet:
1965 696 2139 762 NoV.
2172 696 2356 763 Just.
2397 697 2542 762 162.
2581 715 2728 780 cap.
2762 694 2827 763 ΙΙ
2852 747 2882 782 ,,

440 814 760 879 Ostendit
828 819 1071 880 autem
1125 814 1542 879 constitutio
1592 830 1634 878 a
1680 815 1880 879 nobis
1931 815 2286 897 proposita
2333 833 2407 880 se
2454 815 2638 880 tales
2683 816 2999 882 homines

437 932 613 997 velle
659 932 923 998 incolas
970 932 1411 1014 praediorum
1458 930 1906 1013 cultoresque
1953 950 2277 1013 agrorum
2298 950 2606 1017 manere,
2633 937 2879 1017 utpote
2904 935 2998 999 ibi

436 1051 740 1130 genitos:
814 1052 942 1116 hoc
1006 1051 1192 1116 enim
1239 1051 1370 1115 sibi
1420 1049 1578 1115 vult
1625 1050 1852 1115 coloni
1899 1051 2345 1133 appellatio.”
2394 1051 2821 1132 Diligentius
2868 1053 2997 1117 uti-

437 1186 564 1250 que
635 1168 915 1234 locutus
986 1172 1096 1234 est
1144 1170 1612 1249 Augustinus,
1682 1151 1900 1249 quum
1971 1170 2310 1235 scriberet
2336 1166 2388 1252 1)
2445 1220 2474 1254 „
2507 1221 2521 1235 .
2553 1221 2567 1234 .
2598 1220 2611 1235 .
2643 1172 2797 1250 ‚qui
2846 1188 2996 1236 con-

436 1287 688 1352 dicioni
732 1270 1107 1353 'debebant
1174 1287 1465 1368 genitali
1535 1286 1681 1352 solo
1728 1290 2015 1369 propter
2056 1288 2557 1368 agriculturam
2609 1289 2739 1353 sub
2788 1289 2996 1354 domi-

437 1404 549 1469 nio
619 1405 1167 1487 possessorum”.
1238 1405 1538 1471 Necesse
1609 1405 1827 1485 igitur
1898 1405 2036 1469 erit
2085 1423 2196 1470 ex
2265 1406 2673 1471 multifariis
2726 1406 2997 1487 legibus

438 1540 554 1587 eas
608 1540 721 1588 res
769 1540 945 1604 quae
994 1524 1182 1588 inter
1228 1540 1305 1588 se
1352 1524 1729 1588 cohaerent
1778 1523 2220 1607 conjungere,
2263 1525 2346 1588 ut
2388 1524 2762 1604 imaginem
2788 1541 2997 1605 quam

438 1642 742 1707 maxime
813 1641 1195 1723 perfectam
1250 1641 1654 1707 colonorum
1706 1641 2132 1706 condicionis
2183 1642 2383 1706 nobis
2431 1641 2806 1707 informare
2849 1660 2996 1724 pos·

438 1759 682 1825 simus.

526 1875 925 1942 COLONOS
995 1875 1213 1942 SOLO
1271 1876 1857 1941 ADHAERERE.
1925 1877 2182 1942 Eorum
2229 1878 2587 1959 proprium
2634 1895 2715 1943 ac
2764 1879 2994 1961 singu·

437 1995 600 2077 lare,
674 2013 811 2078 quo
885 1997 1188 2061 maxime
1259 2014 1302 2061 a
1372 1996 1719 2077 prioribus
1779 1995 2043 2061 colonis
2093 1996 2450 2078 differunt,
2502 1997 2569 2061 id
2630 2000 2741 2062 est
2789 1997 2995 2078 quod,

437 2116 758 2195 quamvis
808 2113 1035 2198 liberi,
1089 2117 1329 2180 tamen
1379 2114 1579 2196 ligati
1627 2118 1798 2180 sunt
1845 2114 1994 2180 solo
2037 2115 2109 2179 in
2165 2132 2301 2195 quo
2326 2115 2656 2180 habitant
2678 2116 2998 2197 quodque

437 2232 694 2298 colunt.
773 2230 1088 2317 „Debent
1160 2231 1353 2299 solo'’
1428 2233 1512 2298 de
1560 2234 1647 2297 iis
1718 2232 2191 2316 proclamatur
2217 2232 2287 2310 2).
2347 2233 2614 2316 Itaque,
2671 2235 2996 2315 quoniam

439 2351 635 2431 quasi
725 2353 997 2433 partem
1076 2351 1387 2416 efficiunt
1463 2353 1716 2432 terrae,
1786 2351 1948 2416 huic
2020 2351 2089 2415 in
2175 2354 2591 2433 perpetuum
2678 2352 3001 2418 adstricti

438 2471 800 2533 manento:
877 2468 1090 2553 „Cum
1161 2469 1340 2533 satis
1410 2469 1871 2533 inhumanum
1942 2472 2053 2534 est
2114 2481 2374 2535 terram
2422 2487 2599 2551 quae
2661 2471 2748 2535 ab
2795 2470 3000 2535 initio

438 2586 922 2668 adscripticios
991 2588 1292 2652 habebat
1347 2586 1497 2652 suis
1546 2586 2053 2667 quodammodo
2100 2588 2432 2652 membris
2484 2587 2878 2653 defraudari
2928 2591 3001 2653 et

439 2704 718 2770 colonos
758 2705 828 2769 in
869 2704 1026 2770 aliis
1053 2706 1261 2770 terris
1301 2705 1744 2771 demorantes
1774 2705 2093 2770 dominos
2118 2707 2349 2771 terrae
2375 2706 2703 2771 maximis
2728 2706 3002 2771 damnis

444 2822 732 2905 afficere,
775 2839 1162 2906 censemuS‚
1209 2823 1793 2905 quemadmodum
1839 2823 1911 2888 in
1959 2823 2328 2889 curialium
2371 2823 2773 2890 condicione
2798 2841 3001 2891 nemo

446 2958 535 3006 ex
604 2942 975 3023 temporali
1051 2960 1260 3008 cursu
1323 2942 1687 3025 liberatur,
1752 2942 1856 3007 ita
1911 2958 2037 3007 nec
2083 2941 2572 3023 adscripticiae
2621 2942 3008 3008 condicioni

445 3061 855 3142 suppositus
894 3078 982 3125 ex
1044 3060 1419 3126 annalibus
1468 3061 1857 3141 curriculiS‚
1907 3062 2474 3141 quantacumque
2497 3061 3005 3144 emanaverint,

447 3177 557 3243 vel
629 3195 1065 3259 quacumque
1131 3178 1406 3261 prolixa
1445 3179 1923 3259 negotiatione
1971 3179 2223 3259 aliquis
2275 3179 2408 3243 sibi
2457 3179 2772 3244 vindicet
2811 3179 3004 3243 liber·

444 3298 705 3361 tatem:
774 3297 898 3362 sed
967 3300 1329 3362 remaneat
1398 3297 1891 3378 adscripticius
1941 3299 2013 3361 et
2054 3297 2416 3361 inhaereat
2462 3296 2738 3362 terrae”
2768 3294 2836 3374 ³).
2902 3296 3004 3362 Ne

447 3415 655 3480 horae
714 3415 993 3494 quidem
1049 3417 1404 3480 momento
1460 3414 1627 3481 licet
1674 3415 1775 3480 eis
1829 3414 2218 3495 discedere;
2264 3414 2468 3494 ,iubet
2515 3415 2701 3479 enim
2754 3417 3004 3479 consti-

448 3532 634 3597 tutio
675 3531 967 3598 Honorii
1017 3535 1091 3598 et
1135 3533 1532 3598 Theodosii:
1592 3549 1804 3617 „quos
1852 3532 1956 3596 ita
2002 3531 2222 3612 glebis
2270 3532 2629 3597 inhaerere
2676 3533 3005 3614 praecipi·

448 3666 625 3732 mm,
671 3653 756 3714 ut
801 3667 890 3715 ne
936 3655 1197 3732 puncto
1241 3651 1521 3732 quidem
1573 3650 1913 3731 temporis
1961 3650 2262 3716 debeant
2308 3649 2664 3715 amoveri’'
2693 3646 2767 3732 ⁴).
2842 3650 3005 3715 Tale

449 3771 596 3833 tam
643 3767 896 3833 durum
946 3769 1453 3850 praescriptum
1508 3769 1773 3850 pariter
1817 3784 2062 3832 severe
2103 3768 2285 3833 tueri
2313 3769 2660 3832 neminem
2688 3768 3006 3848 potuisse

449 3902 569 3966 per
614 3902 691 3951 se
729 3886 878 3968 Jam
926 3887 1366 3969 intellegitur
1418 3890 1629 3966 atque
1677 3886 1924 3951 multis
1970 3886 2130 3951 aliis
2178 3887 2448 3967 legibus
2492 3887 3003 3968 comprobatur.

457 4003 897 4089 „Inserviant
952 4006 1206 4072 terris”
1278 4007 1579 4087 imperat
1649 4004 2200 4070 Valentinianus
2226 4000 2298 4086 ⁵),
2369 4008 2580 4085 atque
2652 4022 2793 4069 uno
2855 4006 3005 4070 loco

525 4332 565 4399 ¹)
599 4334 859 4399 August.
895 4332 980 4388 De
1016 4333 1128 4389 civ,
1164 4332 1275 4388 dei.
1314 4333 1396 4389 10.
1426 4347 1551 4403 cap.
1587 4334 1637 4389 1.

523 4419 563 4485 ¹)
598 4419 766 4475 O.Th.
810 4419 874 4475 V.
913 4419 995 4475 10.

524 4505 565 4568 ⁸)
600 4506 662 4563 L.
731 4505 819 4562 23.
876 4505 989 4562 C.J.
1045 4505 1153 4561 XI.
1206 4506 1292 4562 48.
1346 4507 1490 4562 Mire
1546 4506 1691 4561 haec
1751 4506 2146 4561 consentiunt
2199 4518 2337 4560 cum
2393 4505 2590 4560 verbis
2642 4505 3003 4574 quibusdam

457 4591 822 4663 Symmachi,
854 4593 987 4662 (Ep.
1024 4593 1109 4649 10.
1143 4594 1233 4664 27)
1268 4595 1372 4662 qui
1392 4594 1731 4662 corporatos
1753 4593 2187 4662 negotiatores„
2214 4592 2485 4647 membra
2507 4593 2785 4647 aeternae
2806 4593 3006 4648 urbis”

455 4682 643 4736 vocat.

524 4765 565 4831 ⁴)
601 4766 663 4822 L.
700 4767 766 4822 15
804 4766 917 4823 (Μ.
955 4767 1064 4824 XI.
1097 4767 1182 4825 48.

528 4852 567 4921 ⁸)
603 4853 714 4911 O.J.
753 4854 861 4910 XI.
895 4854 982 4911 53.
