<?xml version="1.0" encoding="UTF-8"?>
<!DOCTYPE html PUBLIC "-//W3C//DTD XHTML 1.0 Transitional//EN"
    "http://www.w3.org/TR/xhtml1/DTD/xhtml1-transitional.dtd">
<html xmlns="http://www.w3.org/1999/xhtml" xml:lang="en" lang="en">
 <head>
  <title>
</title>
<meta http-equiv="Content-Type" content="text/html;charset=utf-8" />
  <meta name='ocr-system' content='tesseract 3.04.00' />
  <meta name='ocr-capabilities' content='ocr_page ocr_carea ocr_par ocr_line ocrx_word'/>
</head>
<body>
  <div class='ocr_page' id='page_1' title='image "./decolonaturoman00bolkgoog_0206.png"; bbox 0 0 3770 5738; ppageno 0'>
   <div class='ocr_carea' id='block_1_1' title="bbox 610 498 3292 778">
    <p class='ocr_par' dir='ltr' id='par_1_1' title="bbox 610 498 3292 778">
     <span class='ocr_line' id='line_1_1' title="bbox 1954 498 2081 562; baseline 0.008 -1"><span class='ocrx_word' id='word_1_1' title='bbox 1954 498 2081 562; x_wconf 94' lang='lat'><strong>182</strong></span> 
     </span>
     <span class='ocr_line' id='line_1_2' title="bbox 610 563 3292 684; baseline -0.015 -9"><span class='ocrx_word' id='word_1_2' title='bbox 610 663 627 684; x_wconf 83' lang='grc'><strong>.</strong></span> <span class='ocrx_word' id='word_1_3' title='bbox 2522 563 2633 670; x_wconf 52' lang='lat'><strong>00&lt;</strong></span> <span class='ocrx_word' id='word_1_4' title='bbox 3276 615 3292 636; x_wconf 84' lang='grc'><strong>.</strong></span> 
     </span>
     <span class='ocr_line' id='line_1_3' title="bbox 699 693 3249 778; baseline 0 -18"><span class='ocrx_word' id='word_1_5' title='bbox 699 694 856 760; x_wconf 91' lang='lat' dir='ltr'><strong>VII.</strong></span> <span class='ocrx_word' id='word_1_6' title='bbox 907 695 968 760; x_wconf 88' lang='lat'><strong>7.</strong></span> <span class='ocrx_word' id='word_1_7' title='bbox 1021 696 1083 759; x_wconf 96' lang='lat'><strong>4.</strong></span> <span class='ocrx_word' id='word_1_8' title='bbox 1132 693 1314 761; x_wconf 91' lang='lat' dir='ltr'><strong>Hon.</strong></span> <span class='ocrx_word' id='word_1_9' title='bbox 1364 696 1439 760; x_wconf 85' lang='lat' dir='ltr'><strong>et</strong></span> <span class='ocrx_word' id='word_1_10' title='bbox 1487 695 1740 760; x_wconf 87' lang='lat' dir='ltr'><strong>Theod.</strong></span> <span class='ocrx_word' id='word_1_11' title='bbox 1791 694 2174 761; x_wconf 89' lang='lat' dir='ltr'><strong>Aureliano</strong></span> <span class='ocrx_word' id='word_1_12' title='bbox 2201 694 2356 761; x_wconf 89' lang='grc' dir='ltr'><strong>Ρ.Ρ.</strong></span> <span class='ocrx_word' id='word_1_13' title='bbox 2407 699 2497 773; x_wconf 96' lang='grc'><strong>(3.</strong></span> <span class='ocrx_word' id='word_1_14' title='bbox 2540 693 2704 778; x_wconf 60' lang='grc'><strong>595)</strong></span> <span class='ocrx_word' id='word_1_15' title='bbox 2974 710 3040 776; x_wconf 87' lang='lat' dir='ltr'><strong>p.</strong></span> <span class='ocrx_word' id='word_1_16' title='bbox 3084 694 3249 760; x_wconf 81' lang='lat'><strong>178.</strong></span> 
     </span>
    </p>
   </div>
   <div class='ocr_carea' id='block_1_2' title="bbox 696 812 3254 3613">
    <p class='ocr_par' dir='ltr' id='par_1_2' title="bbox 696 812 3254 3613">
     <span class='ocr_line' id='line_1_4' title="bbox 699 812 3252 898; baseline 0 -20"><span class='ocrx_word' id='word_1_17' title='bbox 699 812 854 879; x_wconf 91' lang='lat' dir='ltr'><strong>VH.</strong></span> <span class='ocrx_word' id='word_1_18' title='bbox 907 815 968 878; x_wconf 91' lang='lat'><strong>7.</strong></span> <span class='ocrx_word' id='word_1_19' title='bbox 1020 814 1081 879; x_wconf 85' lang='lat'><strong>5.</strong></span> <span class='ocrx_word' id='word_1_20' title='bbox 1155 819 1255 892; x_wconf 90' lang='lat'><strong>(=</strong></span> <span class='ocrx_word' id='word_1_21' title='bbox 1335 813 1405 879; x_wconf 94' lang='lat' dir='ltr'><strong>C.</strong></span> <span class='ocrx_word' id='word_1_22' title='bbox 1475 814 1538 880; x_wconf 90' lang='lat' dir='ltr'><strong>J.</strong></span> <span class='ocrx_word' id='word_1_23' title='bbox 1610 813 1736 879; x_wconf 97' lang='lat' dir='ltr'><strong>XI.</strong></span> <span class='ocrx_word' id='word_1_24' title='bbox 1810 816 1921 881; x_wconf 87' lang='grc'><strong>61.</strong></span> <span class='ocrx_word' id='word_1_25' title='bbox 1972 814 2040 898; x_wconf 91' lang='grc'><strong>3)</strong></span> <span class='ocrx_word' id='word_1_26' title='bbox 2088 813 2267 880; x_wconf 90' lang='lat' dir='ltr'><strong>Hon.</strong></span> <span class='ocrx_word' id='word_1_27' title='bbox 2317 817 2392 881; x_wconf 90' lang='lat' dir='ltr'><strong>et</strong></span> <span class='ocrx_word' id='word_1_28' title='bbox 2439 813 2691 880; x_wconf 88' lang='lat' dir='ltr'><strong>Theod.</strong></span> <span class='ocrx_word' id='word_1_29' title='bbox 2741 813 3129 879; x_wconf 80' lang='lat' dir='ltr'>comitibus</span> <span class='ocrx_word' id='word_1_30' title='bbox 3178 816 3252 879; x_wconf 90' lang='lat' dir='ltr'><strong>et</strong></span> 
     </span>
     <span class='ocr_line' id='line_1_5' title="bbox 790 931 3249 1016; baseline 0 -20"><span class='ocrx_word' id='word_1_31' title='bbox 790 931 1170 1014; x_wconf 85' lang='lat' dir='ltr'><strong>[Magistris</strong></span> <span class='ocrx_word' id='word_1_32' title='bbox 1216 931 1541 997; x_wconf 76' lang='lat' dir='ltr'><strong>Militum.</strong></span> <span class='ocrx_word' id='word_1_33' title='bbox 1590 931 1677 1016; x_wconf 89' lang='lat' dir='ltr'><strong>(a.</strong></span> <span class='ocrx_word' id='word_1_34' title='bbox 1728 932 1885 1008; x_wconf 82' lang='lat'><strong>415)</strong></span> <span class='ocrx_word' id='word_1_35' title='bbox 2979 949 3045 1012; x_wconf 89' lang='lat' dir='ltr'><strong>p.</strong></span> <span class='ocrx_word' id='word_1_36' title='bbox 3100 932 3249 997; x_wconf 94' lang='lat'><strong>178.</strong></span> 
     </span>
     <span class='ocr_line' id='line_1_6' title="bbox 701 1048 3248 1128; baseline 0 -14"><span class='ocrx_word' id='word_1_37' title='bbox 701 1048 1128 1116; x_wconf 85' lang='lat' dir='ltr'><strong>V11.8.10.</strong></span> <span class='ocrx_word' id='word_1_38' title='bbox 1200 1054 1300 1128; x_wconf 92' lang='lat'><strong>(=</strong></span> <span class='ocrx_word' id='word_1_39' title='bbox 1378 1049 1449 1114; x_wconf 94' lang='lat' dir='ltr'><strong>C.</strong></span> <span class='ocrx_word' id='word_1_40' title='bbox 1519 1050 1583 1116; x_wconf 89' lang='lat' dir='ltr'><strong>J.</strong></span> <span class='ocrx_word' id='word_1_41' title='bbox 1646 1050 1810 1115; x_wconf 93' lang='lat' dir='ltr'><strong>XII.</strong></span> <span class='ocrx_word' id='word_1_42' title='bbox 1861 1051 1970 1116; x_wconf 90' lang='grc'><strong>40.</strong></span> <span class='ocrx_word' id='word_1_43' title='bbox 2022 1052 2089 1128; x_wconf 91' lang='grc'><strong>5)</strong></span> <span class='ocrx_word' id='word_1_44' title='bbox 2135 1049 2317 1115; x_wconf 89' lang='lat' dir='ltr'><strong>Hon.</strong></span> <span class='ocrx_word' id='word_1_45' title='bbox 2364 1051 2438 1115; x_wconf 88' lang='lat' dir='ltr'><strong>et</strong></span> <span class='ocrx_word' id='word_1_46' title='bbox 2486 1049 2743 1115; x_wconf 86' lang='lat' dir='ltr'><strong>Theod.</strong></span> <span class='ocrx_word' id='word_1_47' title='bbox 2790 1048 3045 1115; x_wconf 87' lang='lat' dir='ltr'><strong>Joanni</strong></span> <span class='ocrx_word' id='word_1_48' title='bbox 3094 1049 3248 1116; x_wconf 98' lang='lat' dir='ltr'>P.P.</span> 
     </span>
     <span class='ocr_line' id='line_1_7' title="bbox 793 1165 3248 1252; baseline 0 -19"><span class='ocrx_word' id='word_1_49' title='bbox 793 1165 906 1252; x_wconf 89' lang='lat' dir='ltr'><strong>[(a.</strong></span> <span class='ocrx_word' id='word_1_50' title='bbox 958 1168 1136 1251; x_wconf 85' lang='lat'>413).</span> <span class='ocrx_word' id='word_1_51' title='bbox 2833 1179 2975 1249; x_wconf 92' lang='lat' dir='ltr'><strong>p.</strong></span> <span class='ocrx_word' id='word_1_52' title='bbox 3024 1167 3132 1249; x_wconf 84' lang='lat'><strong>36,</strong></span> <span class='ocrx_word' id='word_1_53' title='bbox 3138 1168 3248 1233; x_wconf 86' lang='lat'><strong>80.</strong></span> 
     </span>
     <span class='ocr_line' id='line_1_8' title="bbox 701 1283 3249 1369; baseline 0 -18"><span class='ocrx_word' id='word_1_54' title='bbox 701 1285 858 1352; x_wconf 91' lang='lat' dir='ltr'><strong>VII.</strong></span> <span class='ocrx_word' id='word_1_55' title='bbox 891 1285 992 1352; x_wconf 92' lang='lat'><strong>18.</strong></span> <span class='ocrx_word' id='word_1_56' title='bbox 1020 1286 1083 1352; x_wconf 93' lang='lat'><strong>8.</strong></span> <span class='ocrx_word' id='word_1_57' title='bbox 1113 1285 1309 1353; x_wconf 85' lang='lat' dir='ltr'><strong>Grat.</strong></span> <span class='ocrx_word' id='word_1_58' title='bbox 1335 1285 1617 1352; x_wconf 87' lang='lat' dir='ltr'><strong>Valent.</strong></span> <span class='ocrx_word' id='word_1_59' title='bbox 1645 1289 1719 1352; x_wconf 86' lang='lat' dir='ltr'><strong>et</strong></span> <span class='ocrx_word' id='word_1_60' title='bbox 1744 1286 1998 1352; x_wconf 87' lang='lat' dir='ltr'><strong>Theod.</strong></span> <span class='ocrx_word' id='word_1_61' title='bbox 2025 1286 2111 1351; x_wconf 89' lang='lat' dir='ltr'><strong>ad</strong></span> <span class='ocrx_word' id='word_1_62' title='bbox 2137 1285 2550 1352; x_wconf 84' lang='lat' dir='ltr'><strong>Flavianum</strong></span> <span class='ocrx_word' id='word_1_63' title='bbox 2578 1283 2737 1350; x_wconf 89' lang='grc' dir='ltr'><strong>Ρ.Ρ.</strong></span> <span class='ocrx_word' id='word_1_64' title='bbox 2763 1297 2852 1369; x_wconf 82' lang='grc'><strong>(3.</strong></span> <span class='ocrx_word' id='word_1_65' title='bbox 2880 1285 3119 1367; x_wconf 86' lang='lat' dir='ltr'><strong>383)p.</strong></span> <span class='ocrx_word' id='word_1_66' title='bbox 3142 1285 3249 1351; x_wconf 96' lang='lat'><strong>78.</strong></span> 
     </span>
     <span class='ocr_line' id='line_1_9' title="bbox 700 1402 3249 1487; baseline -0 -18"><span class='ocrx_word' id='word_1_67' title='bbox 700 1403 889 1470; x_wconf 92' lang='lat' dir='ltr'><strong>VIII.</strong></span> <span class='ocrx_word' id='word_1_68' title='bbox 963 1405 1024 1469; x_wconf 91' lang='lat'><strong>2.</strong></span> <span class='ocrx_word' id='word_1_69' title='bbox 1100 1405 1163 1470; x_wconf 91' lang='grc'><strong>5.</strong></span> <span class='ocrx_word' id='word_1_70' title='bbox 1234 1411 1335 1483; x_wconf 87' lang='lat'><strong>(=</strong></span> <span class='ocrx_word' id='word_1_71' title='bbox 1409 1404 1478 1470; x_wconf 94' lang='lat' dir='ltr'><strong>C.</strong></span> <span class='ocrx_word' id='word_1_72' title='bbox 1540 1405 1604 1471; x_wconf 90' lang='lat' dir='ltr'><strong>J.</strong></span> <span class='ocrx_word' id='word_1_73' title='bbox 1675 1404 1766 1470; x_wconf 91' lang='lat' dir='ltr'><strong>X.</strong></span> <span class='ocrx_word' id='word_1_74' title='bbox 1834 1406 1941 1470; x_wconf 90' lang='lat'><strong>71.</strong></span> <span class='ocrx_word' id='word_1_75' title='bbox 2014 1404 2079 1487; x_wconf 84' lang='lat'><strong>3)</strong></span> <span class='ocrx_word' id='word_1_76' title='bbox 2128 1404 2289 1469; x_wconf 79' lang='lat' dir='ltr'><strong>Arc.</strong></span> <span class='ocrx_word' id='word_1_77' title='bbox 2337 1406 2411 1469; x_wconf 90' lang='lat' dir='ltr'><strong>et</strong></span> <span class='ocrx_word' id='word_1_78' title='bbox 2458 1402 2637 1469; x_wconf 90' lang='lat' dir='ltr'><strong>Hon.</strong></span> <span class='ocrx_word' id='word_1_79' title='bbox 2689 1402 3048 1469; x_wconf 86' lang='lat' dir='ltr'><strong>Hadriano</strong></span> <span class='ocrx_word' id='word_1_80' title='bbox 3095 1403 3249 1468; x_wconf 94' lang='lat' dir='ltr'>P.P.</span> 
     </span>
     <span class='ocr_line' id='line_1_10' title="bbox 793 1519 3249 1606; baseline -0.001 -18"><span class='ocrx_word' id='word_1_81' title='bbox 793 1526 902 1601; x_wconf 89' lang='lat' dir='ltr'><strong>[(a.</strong></span> <span class='ocrx_word' id='word_1_82' title='bbox 953 1519 1116 1606; x_wconf 86' lang='lat'><strong>401)</strong></span> <span class='ocrx_word' id='word_1_83' title='bbox 3026 1539 3091 1604; x_wconf 92' lang='lat' dir='ltr'><strong>p.</strong></span> <span class='ocrx_word' id='word_1_84' title='bbox 3141 1521 3249 1587; x_wconf 88' lang='lat'><strong>79.</strong></span> 
     </span>
     <span class='ocr_line' id='line_1_11' title="bbox 696 1633 3249 1724; baseline -0.002 -14"><span class='ocrx_word' id='word_1_85' title='bbox 696 1639 822 1710; x_wconf 89' lang='lat' dir='ltr'><strong>IX.</strong></span> <span class='ocrx_word' id='word_1_86' title='bbox 895 1641 1002 1706; x_wconf 88' lang='grc'><strong>21.</strong></span> <span class='ocrx_word' id='word_1_87' title='bbox 1077 1641 1139 1705; x_wconf 92' lang='grc'><strong>2.</strong></span> <span class='ocrx_word' id='word_1_88' title='bbox 1213 1633 1286 1724; x_wconf 61' lang='grc' dir='ltr'><strong>(ζ</strong></span> <span class='ocrx_word' id='word_1_89' title='bbox 1361 1639 1431 1707; x_wconf 93' lang='lat' dir='ltr'><strong>C.</strong></span> <span class='ocrx_word' id='word_1_90' title='bbox 1479 1640 1542 1707; x_wconf 89' lang='lat' dir='ltr'><strong>J.</strong></span> <span class='ocrx_word' id='word_1_91' title='bbox 1605 1639 1730 1706; x_wconf 91' lang='lat' dir='ltr'><strong>IX.</strong></span> <span class='ocrx_word' id='word_1_92' title='bbox 1805 1641 1911 1706; x_wconf 85' lang='lat'><strong>24.</strong></span> <span class='ocrx_word' id='word_1_93' title='bbox 1968 1643 2029 1717; x_wconf 93' lang='grc'><strong>1)</strong></span> <span class='ocrx_word' id='word_1_94' title='bbox 2078 1639 2586 1706; x_wconf 75' lang='lat' dir='ltr'><strong>Constantinus</strong></span> <span class='ocrx_word' id='word_1_95' title='bbox 2628 1638 2716 1705; x_wconf 86' lang='lat' dir='ltr'><strong>ad</strong></span> <span class='ocrx_word' id='word_1_96' title='bbox 2758 1639 3249 1705; x_wconf 73' lang='lat' dir='ltr'><strong>:Ianuarinum</strong></span> 
     </span>
     <span class='ocr_line' id='line_1_12' title="bbox 792 1758 3249 1841; baseline -0 -18"><span class='ocrx_word' id='word_1_97' title='bbox 792 1762 902 1837; x_wconf 90' lang='lat' dir='ltr'><strong>[(a.</strong></span> <span class='ocrx_word' id='word_1_98' title='bbox 959 1759 1116 1835; x_wconf 84' lang='lat'><strong>321)</strong></span> <span class='ocrx_word' id='word_1_99' title='bbox 2865 1774 2932 1840; x_wconf 91' lang='lat' dir='ltr'><strong>p.</strong></span> <span class='ocrx_word' id='word_1_100' title='bbox 2982 1758 3091 1841; x_wconf 83' lang='lat'><strong>44,</strong></span> <span class='ocrx_word' id='word_1_101' title='bbox 3141 1759 3249 1823; x_wconf 95' lang='lat'><strong>78.</strong></span> 
     </span>
     <span class='ocr_line' id='line_1_13' title="bbox 697 1874 3244 1960; baseline -0.001 -18"><span class='ocrx_word' id='word_1_102' title='bbox 697 1874 822 1941; x_wconf 91' lang='lat' dir='ltr'><strong>IX.</strong></span> <span class='ocrx_word' id='word_1_103' title='bbox 897 1877 1004 1942; x_wconf 90' lang='lat'><strong>27.</strong></span> <span class='ocrx_word' id='word_1_104' title='bbox 1078 1876 1140 1942; x_wconf 88' lang='grc'><strong>6.</strong></span> <span class='ocrx_word' id='word_1_105' title='bbox 1211 1874 1315 1960; x_wconf 91' lang='lat'><strong>(==</strong></span> <span class='ocrx_word' id='word_1_106' title='bbox 1391 1874 1462 1941; x_wconf 97' lang='lat' dir='ltr'><strong>C.</strong></span> <span class='ocrx_word' id='word_1_107' title='bbox 1524 1875 1588 1941; x_wconf 88' lang='lat' dir='ltr'><strong>J.</strong></span> <span class='ocrx_word' id='word_1_108' title='bbox 1634 1875 1759 1940; x_wconf 91' lang='lat' dir='ltr'><strong>XI.</strong></span> <span class='ocrx_word' id='word_1_109' title='bbox 1811 1877 1918 1942; x_wconf 90' lang='grc'><strong>27.</strong></span> <span class='ocrx_word' id='word_1_110' title='bbox 1970 1878 2037 1953; x_wconf 93' lang='grc'><strong>4)</strong></span> <span class='ocrx_word' id='word_1_111' title='bbox 2083 1875 2279 1942; x_wconf 83' lang='lat' dir='ltr'><strong>Grat.</strong></span> <span class='ocrx_word' id='word_1_112' title='bbox 2331 1874 2611 1942; x_wconf 86' lang='lat' dir='ltr'><strong>Valent.</strong></span> <span class='ocrx_word' id='word_1_113' title='bbox 2661 1878 2736 1942; x_wconf 85' lang='lat' dir='ltr'><strong>et</strong></span> <span class='ocrx_word' id='word_1_114' title='bbox 2780 1875 3032 1941; x_wconf 87' lang='lat' dir='ltr'><strong>Theod.</strong></span> <span class='ocrx_word' id='word_1_115' title='bbox 3086 1875 3244 1940; x_wconf 87' lang='lat' dir='ltr'><strong>Arc.</strong></span> 
     </span>
     <span class='ocr_line' id='line_1_14' title="bbox 791 1993 3247 2078; baseline -0.001 -18"><span class='ocrx_word' id='word_1_116' title='bbox 791 1995 902 2072; x_wconf 89' lang='lat' dir='ltr'><strong>[ad</strong></span> <span class='ocrx_word' id='word_1_117' title='bbox 952 1993 1443 2060; x_wconf 86' lang='lat' dir='ltr'><strong>Provinciales.</strong></span> <span class='ocrx_word' id='word_1_118' title='bbox 1491 1999 1577 2073; x_wconf 93' lang='grc'><strong>(3.</strong></span> <span class='ocrx_word' id='word_1_119' title='bbox 1623 1993 1784 2078; x_wconf 89' lang='grc'><strong>386)</strong></span> <span class='ocrx_word' id='word_1_120' title='bbox 3024 2011 3088 2074; x_wconf 93' lang='lat' dir='ltr'><strong>p.</strong></span> <span class='ocrx_word' id='word_1_121' title='bbox 3142 1994 3247 2058; x_wconf 89' lang='lat'><strong>77.</strong></span> 
     </span>
     <span class='ocr_line' id='line_1_15' title="bbox 699 2109 3246 2194; baseline -0 -17"><span class='ocrx_word' id='word_1_122' title='bbox 699 2112 823 2177; x_wconf 93' lang='lat' dir='ltr'><strong>IX.</strong></span> <span class='ocrx_word' id='word_1_123' title='bbox 875 2112 982 2177; x_wconf 93' lang='lat'><strong>27.</strong></span> <span class='ocrx_word' id='word_1_124' title='bbox 1040 2114 1102 2177; x_wconf 94' lang='lat'><strong>7.</strong></span> <span class='ocrx_word' id='word_1_125' title='bbox 1150 2118 1251 2190; x_wconf 89' lang='lat'><strong>(=</strong></span> <span class='ocrx_word' id='word_1_126' title='bbox 1305 2111 1376 2178; x_wconf 97' lang='lat' dir='ltr'><strong>C.</strong></span> <span class='ocrx_word' id='word_1_127' title='bbox 1423 2112 1486 2178; x_wconf 92' lang='lat' dir='ltr'><strong>J.</strong></span> <span class='ocrx_word' id='word_1_128' title='bbox 1535 2111 1658 2177; x_wconf 91' lang='lat' dir='ltr'><strong>IX.</strong></span> <span class='ocrx_word' id='word_1_129' title='bbox 1711 2111 1819 2176; x_wconf 92' lang='lat'><strong>27.</strong></span> <span class='ocrx_word' id='word_1_130' title='bbox 1871 2112 1936 2194; x_wconf 84' lang='lat'><strong>5)</strong></span> <span class='ocrx_word' id='word_1_131' title='bbox 1986 2110 2267 2177; x_wconf 87' lang='lat' dir='ltr'><strong>Valent.</strong></span> <span class='ocrx_word' id='word_1_132' title='bbox 2319 2111 2571 2179; x_wconf 88' lang='lat' dir='ltr'><strong>Theod.</strong></span> <span class='ocrx_word' id='word_1_133' title='bbox 2620 2113 2694 2178; x_wconf 91' lang='lat' dir='ltr'><strong>et</strong></span> <span class='ocrx_word' id='word_1_134' title='bbox 2720 2109 3246 2177; x_wconf 87' lang='lat' dir='ltr'><strong>Arc.Severino</strong></span> 
     </span>
     <span class='ocr_line' id='line_1_16' title="bbox 795 2230 3244 2311; baseline -0.001 -14"><span class='ocrx_word' id='word_1_135' title='bbox 795 2231 1072 2310; x_wconf 91' lang='lat' dir='ltr'><strong>[Comiti</strong></span> <span class='ocrx_word' id='word_1_136' title='bbox 1120 2231 1383 2296; x_wconf 84' lang='lat' dir='ltr'>Rerum</span> <span class='ocrx_word' id='word_1_137' title='bbox 1430 2231 1899 2296; x_wconf 69' lang='lat' dir='ltr'><strong>Privatasum.</strong></span> <span class='ocrx_word' id='word_1_138' title='bbox 1948 2236 2033 2308; x_wconf 89' lang='lat' dir='ltr'><strong>(a.</strong></span> <span class='ocrx_word' id='word_1_139' title='bbox 2084 2231 2243 2308; x_wconf 90' lang='grc'><strong>390)</strong></span> <span class='ocrx_word' id='word_1_140' title='bbox 3020 2245 3087 2311; x_wconf 92' lang='lat' dir='ltr'><strong>p.</strong></span> <span class='ocrx_word' id='word_1_141' title='bbox 3137 2230 3244 2295; x_wconf 93' lang='lat'><strong>78.</strong></span> 
     </span>
     <span class='ocr_line' id='line_1_17' title="bbox 698 2345 3247 2431; baseline -0.001 -15"><span class='ocrx_word' id='word_1_142' title='bbox 698 2348 824 2416; x_wconf 91' lang='lat' dir='ltr'><strong>IX.</strong></span> <span class='ocrx_word' id='word_1_143' title='bbox 878 2348 985 2415; x_wconf 91' lang='grc'><strong>42.</strong></span> <span class='ocrx_word' id='word_1_144' title='bbox 1038 2350 1099 2415; x_wconf 98' lang='lat'><strong>7.</strong></span> <span class='ocrx_word' id='word_1_145' title='bbox 1150 2354 1251 2427; x_wconf 74' lang='grc' dir='ltr'><strong>(ε.-</strong></span> <span class='ocrx_word' id='word_1_146' title='bbox 1303 2348 1375 2414; x_wconf 92' lang='lat' dir='ltr'><strong>C.</strong></span> <span class='ocrx_word' id='word_1_147' title='bbox 1424 2349 1486 2414; x_wconf 93' lang='lat' dir='ltr'><strong>J.</strong></span> <span class='ocrx_word' id='word_1_148' title='bbox 1536 2348 1661 2413; x_wconf 94' lang='lat' dir='ltr'><strong>IX.</strong></span> <span class='ocrx_word' id='word_1_149' title='bbox 1712 2349 1820 2414; x_wconf 89' lang='grc'><strong>49.</strong></span> <span class='ocrx_word' id='word_1_150' title='bbox 1873 2345 1943 2431; x_wconf 89' lang='grc'><strong>7)</strong></span> <span class='ocrx_word' id='word_1_151' title='bbox 1989 2346 2269 2414; x_wconf 88' lang='lat' dir='ltr'><strong>Valent.</strong></span> <span class='ocrx_word' id='word_1_152' title='bbox 2330 2347 2586 2414; x_wconf 85' lang='lat' dir='ltr'><strong>Valens</strong></span> <span class='ocrx_word' id='word_1_153' title='bbox 2632 2351 2707 2413; x_wconf 90' lang='lat' dir='ltr'><strong>et</strong></span> <span class='ocrx_word' id='word_1_154' title='bbox 2752 2346 3136 2413; x_wconf 78' lang='lat' dir='ltr'><strong>Gratianus</strong></span> <span class='ocrx_word' id='word_1_155' title='bbox 3160 2347 3247 2413; x_wconf 88' lang='lat' dir='ltr'><strong>ad</strong></span> 
     </span>
     <span class='ocr_line' id='line_1_18' title="bbox 795 2465 1664 2550; baseline -0.001 -18"><span class='ocrx_word' id='word_1_156' title='bbox 795 2467 1119 2545; x_wconf 87' lang='lat' dir='ltr'><strong>[Probum</strong></span> <span class='ocrx_word' id='word_1_157' title='bbox 1166 2465 1318 2532; x_wconf 94' lang='lat' dir='ltr'>P.P.</span> <span class='ocrx_word' id='word_1_158' title='bbox 1366 2465 1453 2550; x_wconf 88' lang='lat' dir='ltr'><strong>(a.</strong></span> <span class='ocrx_word' id='word_1_159' title='bbox 1504 2467 1664 2544; x_wconf 88' lang='grc'><strong>369)</strong></span> 
     </span>
     <span class='ocr_line' id='line_1_19' title="bbox 699 2581 3248 2667; baseline -0.001 -17"><span class='ocrx_word' id='word_1_160' title='bbox 699 2585 792 2650; x_wconf 93' lang='lat' dir='ltr'><strong>X.</strong></span> <span class='ocrx_word' id='word_1_161' title='bbox 848 2586 904 2650; x_wconf 96' lang='lat'><strong>1.</strong></span> <span class='ocrx_word' id='word_1_162' title='bbox 960 2585 1063 2650; x_wconf 90' lang='grc'><strong>11.</strong></span> <span class='ocrx_word' id='word_1_163' title='bbox 1110 2589 1212 2663; x_wconf 91' lang='lat'><strong>(==</strong></span> <span class='ocrx_word' id='word_1_164' title='bbox 1265 2584 1334 2650; x_wconf 91' lang='lat' dir='ltr'><strong>C.</strong></span> <span class='ocrx_word' id='word_1_165' title='bbox 1387 2584 1507 2651; x_wconf 86' lang='lat' dir='ltr'><strong>Th.</strong></span> <span class='ocrx_word' id='word_1_166' title='bbox 1554 2583 1715 2649; x_wconf 91' lang='lat' dir='ltr'><strong>XII.</strong></span> <span class='ocrx_word' id='word_1_167' title='bbox 1764 2585 1826 2650; x_wconf 92' lang='grc'><strong>6.</strong></span> <span class='ocrx_word' id='word_1_168' title='bbox 1875 2581 1989 2667; x_wconf 89' lang='grc'><strong>14)</strong></span> <span class='ocrx_word' id='word_1_169' title='bbox 2028 2582 2310 2650; x_wconf 88' lang='lat' dir='ltr'><strong>Valent.</strong></span> <span class='ocrx_word' id='word_1_170' title='bbox 2337 2583 2602 2650; x_wconf 86' lang='lat' dir='ltr'><strong>Valens</strong></span> <span class='ocrx_word' id='word_1_171' title='bbox 2627 2585 2701 2649; x_wconf 87' lang='lat' dir='ltr'><strong>et</strong></span> <span class='ocrx_word' id='word_1_172' title='bbox 2727 2582 2924 2650; x_wconf 83' lang='lat' dir='ltr'><strong>Grat.</strong></span> <span class='ocrx_word' id='word_1_173' title='bbox 2951 2582 3248 2649; x_wconf 84' lang='lat' dir='ltr'><strong>Alexan·</strong></span> 
     </span>
     <span class='ocr_line' id='line_1_20' title="bbox 794 2701 3246 2787; baseline -0 -20"><span class='ocrx_word' id='word_1_174' title='bbox 794 2703 1064 2782; x_wconf 86' lang='lat' dir='ltr'><strong>[driano</strong></span> <span class='ocrx_word' id='word_1_175' title='bbox 1111 2701 1363 2768; x_wconf 88' lang='lat' dir='ltr'><strong>Comiti</strong></span> <span class='ocrx_word' id='word_1_176' title='bbox 1407 2702 1568 2768; x_wconf 88' lang='lat' dir='ltr'>R.P.</span> <span class='ocrx_word' id='word_1_177' title='bbox 1613 2701 1703 2787; x_wconf 88' lang='lat' dir='ltr'><strong>(a.</strong></span> <span class='ocrx_word' id='word_1_178' title='bbox 1754 2703 1913 2779; x_wconf 88' lang='lat'><strong>367)</strong></span> <span class='ocrx_word' id='word_1_179' title='bbox 3023 2719 3089 2782; x_wconf 93' lang='lat' dir='ltr'><strong>p.</strong></span> <span class='ocrx_word' id='word_1_180' title='bbox 3139 2702 3246 2767; x_wconf 88' lang='lat'><strong>69.</strong></span> 
     </span>
     <span class='ocr_line' id='line_1_21' title="bbox 701 2818 3246 2889; baseline -0.002 0"><span class='ocrx_word' id='word_1_181' title='bbox 701 2820 792 2889; x_wconf 89' lang='lat' dir='ltr'><strong>X.</strong></span> <span class='ocrx_word' id='word_1_182' title='bbox 867 2821 929 2887; x_wconf 86' lang='lat'><strong>4.</strong></span> <span class='ocrx_word' id='word_1_183' title='bbox 1003 2821 1065 2888; x_wconf 89' lang='grc'><strong>3.</strong></span> <span class='ocrx_word' id='word_1_184' title='bbox 1142 2820 1421 2888; x_wconf 87' lang='lat' dir='ltr'><strong>Valent.</strong></span> <span class='ocrx_word' id='word_1_185' title='bbox 1478 2822 1552 2887; x_wconf 87' lang='lat' dir='ltr'><strong>et</strong></span> <span class='ocrx_word' id='word_1_186' title='bbox 1597 2818 1861 2887; x_wconf 89' lang='lat' dir='ltr'><strong>Valens</strong></span> <span class='ocrx_word' id='word_1_187' title='bbox 1908 2822 1994 2887; x_wconf 87' lang='lat' dir='ltr'><strong>ad</strong></span> <span class='ocrx_word' id='word_1_188' title='bbox 2048 2820 2489 2887; x_wconf 75' lang='lat' dir='ltr'><strong>Crescentem</strong></span> <span class='ocrx_word' id='word_1_189' title='bbox 2538 2818 2900 2887; x_wconf 86' lang='lat' dir='ltr'><strong>Vicarium</strong></span> <span class='ocrx_word' id='word_1_190' title='bbox 2949 2820 3246 2886; x_wconf 79' lang='lat' dir='ltr'><strong>Africae.</strong></span> 
     </span>
     <span class='ocr_line' id='line_1_22' title="bbox 799 2939 3246 3023; baseline -0.001 -17"><span class='ocrx_word' id='word_1_191' title='bbox 799 2944 907 3019; x_wconf 88' lang='lat' dir='ltr'><strong>[(a.</strong></span> <span class='ocrx_word' id='word_1_192' title='bbox 959 2941 1090 3007; x_wconf 88' lang='grc'><strong>365</strong></span> <span class='ocrx_word' id='word_1_193' title='bbox 1109 2941 1166 3023; x_wconf 79' lang='lat'><strong>7)</strong></span> <span class='ocrx_word' id='word_1_194' title='bbox 2864 2957 2927 3022; x_wconf 92' lang='lat' dir='ltr'><strong>p.</strong></span> <span class='ocrx_word' id='word_1_195' title='bbox 2982 2940 3087 3014; x_wconf 86' lang='lat'><strong>76,</strong></span> <span class='ocrx_word' id='word_1_196' title='bbox 3140 2939 3246 3004; x_wconf 94' lang='grc'><strong>80.</strong></span> 
     </span>
     <span class='ocr_line' id='line_1_23' title="bbox 703 3057 3246 3139; baseline -0.002 -12"><span class='ocrx_word' id='word_1_197' title='bbox 703 3058 796 3127; x_wconf 88' lang='lat' dir='ltr'><strong>X.</strong></span> <span class='ocrx_word' id='word_1_198' title='bbox 853 3059 955 3124; x_wconf 93' lang='lat'><strong>12.</strong></span> <span class='ocrx_word' id='word_1_199' title='bbox 1006 3060 1069 3124; x_wconf 98' lang='lat'><strong>2.</strong></span> <span class='ocrx_word' id='word_1_200' title='bbox 1116 3057 1399 3124; x_wconf 88' lang='lat' dir='ltr'><strong>Valent.</strong></span> <span class='ocrx_word' id='word_1_201' title='bbox 1449 3060 1523 3124; x_wconf 92' lang='lat' dir='ltr'><strong>et</strong></span> <span class='ocrx_word' id='word_1_202' title='bbox 1575 3058 1840 3124; x_wconf 87' lang='lat' dir='ltr'><strong>Valens</strong></span> <span class='ocrx_word' id='word_1_203' title='bbox 1877 3059 1965 3124; x_wconf 88' lang='lat' dir='ltr'><strong>ad</strong></span> <span class='ocrx_word' id='word_1_204' title='bbox 2008 3059 2330 3124; x_wconf 89' lang='lat' dir='ltr'><strong>Probum.</strong></span> <span class='ocrx_word' id='word_1_205' title='bbox 2373 3057 2524 3124; x_wconf 91' lang='grc' dir='ltr'><strong>Ρ.Ρ.</strong></span> <span class='ocrx_word' id='word_1_206' title='bbox 2566 3062 2650 3136; x_wconf 90' lang='grc'><strong>(3.</strong></span> <span class='ocrx_word' id='word_1_207' title='bbox 2679 3058 2837 3136; x_wconf 90' lang='grc'><strong>365)</strong></span> <span class='ocrx_word' id='word_1_208' title='bbox 2861 3076 2925 3139; x_wconf 93' lang='lat' dir='ltr'><strong>p.</strong></span> <span class='ocrx_word' id='word_1_209' title='bbox 2958 3060 3022 3139; x_wconf 86' lang='grc'><strong>4,</strong></span> <span class='ocrx_word' id='word_1_210' title='bbox 3048 3060 3112 3138; x_wconf 88' lang='grc'><strong>6,</strong></span> <span class='ocrx_word' id='word_1_211' title='bbox 3146 3058 3246 3123; x_wconf 91' lang='lat'><strong>11.</strong></span> 
     </span>
     <span class='ocr_line' id='line_1_24' title="bbox 702 3175 3252 3258; baseline -0.001 -15"><span class='ocrx_word' id='word_1_212' title='bbox 702 3177 793 3243; x_wconf 91' lang='lat' dir='ltr'><strong>X.</strong></span> <span class='ocrx_word' id='word_1_213' title='bbox 849 3178 956 3242; x_wconf 90' lang='lat'><strong>20.</strong></span> <span class='ocrx_word' id='word_1_214' title='bbox 1013 3178 1113 3243; x_wconf 90' lang='lat'><strong>10.</strong></span> <span class='ocrx_word' id='word_1_215' title='bbox 1165 3176 1265 3258; x_wconf 68' lang='grc' dir='ltr'><strong>(ε</strong></span> <span class='ocrx_word' id='word_1_216' title='bbox 1324 3176 1393 3243; x_wconf 94' lang='lat' dir='ltr'><strong>C.</strong></span> <span class='ocrx_word' id='word_1_217' title='bbox 1442 3177 1505 3243; x_wconf 92' lang='lat' dir='ltr'><strong>J.</strong></span> <span class='ocrx_word' id='word_1_218' title='bbox 1552 3177 1679 3243; x_wconf 91' lang='lat' dir='ltr'><strong>XI.</strong></span> <span class='ocrx_word' id='word_1_219' title='bbox 1729 3178 1792 3243; x_wconf 93' lang='lat'><strong>8.</strong></span> <span class='ocrx_word' id='word_1_220' title='bbox 1839 3178 1904 3255; x_wconf 93' lang='lat'><strong>7)</strong></span> <span class='ocrx_word' id='word_1_221' title='bbox 1947 3176 2142 3243; x_wconf 83' lang='lat' dir='ltr'><strong>Grat.</strong></span> <span class='ocrx_word' id='word_1_222' title='bbox 2194 3176 2476 3243; x_wconf 88' lang='lat' dir='ltr'><strong>Valent.</strong></span> <span class='ocrx_word' id='word_1_223' title='bbox 2524 3179 2598 3242; x_wconf 93' lang='lat' dir='ltr'><strong>et</strong></span> <span class='ocrx_word' id='word_1_224' title='bbox 2645 3176 2899 3243; x_wconf 88' lang='lat' dir='ltr'><strong>Theod.</strong></span> <span class='ocrx_word' id='word_1_225' title='bbox 2949 3176 3035 3242; x_wconf 88' lang='lat' dir='ltr'><strong>ad</strong></span> <span class='ocrx_word' id='word_1_226' title='bbox 3083 3175 3252 3241; x_wconf 89' lang='lat' dir='ltr'><strong>Hes·</strong></span> 
     </span>
     <span class='ocr_line' id='line_1_25' title="bbox 797 3292 3251 3378; baseline -0 -18"><span class='ocrx_word' id='word_1_227' title='bbox 797 3295 1093 3376; x_wconf 86' lang='lat' dir='ltr'><strong>[perium</strong></span> <span class='ocrx_word' id='word_1_228' title='bbox 1140 3295 1291 3360; x_wconf 89' lang='grc' dir='ltr'><strong>Ρ.Ρ.</strong></span> <span class='ocrx_word' id='word_1_229' title='bbox 1339 3300 1426 3373; x_wconf 92' lang='grc'><strong>(3.</strong></span> <span class='ocrx_word' id='word_1_230' title='bbox 1476 3292 1638 3378; x_wconf 91' lang='grc'><strong>380)</strong></span> <span class='ocrx_word' id='word_1_231' title='bbox 2707 3313 2772 3376; x_wconf 93' lang='lat' dir='ltr'><strong>p.</strong></span> <span class='ocrx_word' id='word_1_232' title='bbox 2819 3295 2928 3378; x_wconf 87' lang='grc'><strong>32,</strong></span> <span class='ocrx_word' id='word_1_233' title='bbox 2984 3294 3093 3377; x_wconf 90' lang='grc'><strong>39,</strong></span> <span class='ocrx_word' id='word_1_234' title='bbox 3145 3295 3251 3360; x_wconf 89' lang='grc'><strong>53.</strong></span> 
     </span>
     <span class='ocr_line' id='line_1_26' title="bbox 705 3388 3252 3495; baseline -0.001 -16"><span class='ocrx_word' id='word_1_235' title='bbox 705 3413 795 3479; x_wconf 90' lang='lat' dir='ltr'><strong>X.</strong></span> <span class='ocrx_word' id='word_1_236' title='bbox 872 3413 978 3478; x_wconf 93' lang='grc'><strong>20.</strong></span> <span class='ocrx_word' id='word_1_237' title='bbox 1051 3414 1128 3479; x_wconf 95' lang='grc'><strong>17</strong></span> <span class='ocrx_word' id='word_1_238' title='bbox 1178 3414 1558 3495; x_wconf 87' lang='lat' dir='ltr'><strong>(postrema</strong></span> <span class='ocrx_word' id='word_1_239' title='bbox 1593 3388 1960 3478; x_wconf 38' lang='lat' dir='ltr'><strong>‘sententia</strong></span> <span class='ocrx_word' id='word_1_240' title='bbox 2013 3436 2085 3470; x_wconf 73' lang='lat' dir='ltr'><strong><em>z</em></strong></span> <span class='ocrx_word' id='word_1_241' title='bbox 2138 3412 2208 3479; x_wconf 93' lang='lat' dir='ltr'><strong>C.</strong></span> <span class='ocrx_word' id='word_1_242' title='bbox 2249 3413 2310 3479; x_wconf 93' lang='lat' dir='ltr'><strong>J.</strong></span> <span class='ocrx_word' id='word_1_243' title='bbox 2359 3412 2485 3478; x_wconf 92' lang='lat' dir='ltr'><strong>XI.</strong></span> <span class='ocrx_word' id='word_1_244' title='bbox 2541 3413 2597 3478; x_wconf 94' lang='lat'><strong>1.</strong></span> <span class='ocrx_word' id='word_1_245' title='bbox 2646 3414 2749 3479; x_wconf 92' lang='grc'><strong>15.</strong></span> <span class='ocrx_word' id='word_1_246' title='bbox 2783 3429 2961 3495; x_wconf 89' lang='lat' dir='ltr'><strong>quae</strong></span> <span class='ocrx_word' id='word_1_247' title='bbox 3009 3429 3133 3495; x_wconf 91' lang='lat' dir='ltr'><strong>per</strong></span> <span class='ocrx_word' id='word_1_248' title='bbox 3177 3427 3252 3477; x_wconf 89' lang='lat' dir='ltr'><strong>se</strong></span> 
     </span>
     <span class='ocr_line' id='line_1_27' title="bbox 798 3528 3254 3613; baseline 0 -18"><span class='ocrx_word' id='word_1_249' title='bbox 798 3530 1135 3612; x_wconf 86' lang='lat' dir='ltr'><strong>[intellegi</strong></span> <span class='ocrx_word' id='word_1_250' title='bbox 1179 3548 1316 3596; x_wconf 89' lang='lat' dir='ltr'><strong>non</strong></span> <span class='ocrx_word' id='word_1_251' title='bbox 1365 3532 1622 3613; x_wconf 91' lang='lat' dir='ltr'><strong>potest)</strong></span> <span class='ocrx_word' id='word_1_252' title='bbox 1672 3530 1926 3597; x_wconf 85' lang='lat' dir='ltr'><strong>Theod.</strong></span> <span class='ocrx_word' id='word_1_253' title='bbox 1976 3533 2050 3597; x_wconf 87' lang='lat' dir='ltr'><strong>et</strong></span> <span class='ocrx_word' id='word_1_254' title='bbox 2099 3530 2383 3597; x_wconf 87' lang='lat' dir='ltr'><strong>Valent.</strong></span> <span class='ocrx_word' id='word_1_255' title='bbox 2430 3530 2714 3597; x_wconf 89' lang='lat' dir='ltr'><strong>Valerio</strong></span> <span class='ocrx_word' id='word_1_256' title='bbox 2740 3528 3254 3596; x_wconf 86' lang='lat' dir='ltr'><strong>ComitiSacra·</strong></span> 
     </span>
    </p>
   </div>
   <div class='ocr_carea' id='block_1_3' title="bbox 701 3648 3250 4205">
    <p class='ocr_par' dir='ltr' id='par_1_3' title="bbox 703 3648 3250 3951">
     <span class='ocr_line' id='line_1_28' title="bbox 797 3648 3250 3732; baseline 0 -18"><span class='ocrx_word' id='word_1_257' title='bbox 797 3652 978 3728; x_wconf 90' lang='lat' dir='ltr'><strong>[rum</strong></span> <span class='ocrx_word' id='word_1_258' title='bbox 1025 3648 1525 3730; x_wconf 85' lang='lat' dir='ltr'><strong>Largitionum.</strong></span> <span class='ocrx_word' id='word_1_259' title='bbox 1572 3649 1660 3731; x_wconf 89' lang='lat' dir='ltr'><strong>(a.</strong></span> <span class='ocrx_word' id='word_1_260' title='bbox 1712 3649 1869 3727; x_wconf 91' lang='grc'><strong>427)</strong></span> <span class='ocrx_word' id='word_1_261' title='bbox 2868 3666 2933 3732; x_wconf 91' lang='lat' dir='ltr'><strong>p.</strong></span> <span class='ocrx_word' id='word_1_262' title='bbox 2989 3649 3093 3732; x_wconf 84' lang='lat'><strong>17,</strong></span> <span class='ocrx_word' id='word_1_263' title='bbox 3143 3649 3250 3715; x_wconf 91' lang='grc'><strong>54.</strong></span> 
     </span>
     <span class='ocr_line' id='line_1_29' title="bbox 703 3766 3249 3858; baseline -0 -24"><span class='ocrx_word' id='word_1_264' title='bbox 703 3767 831 3835; x_wconf 89' lang='lat' dir='ltr'><strong>XI.</strong></span> <span class='ocrx_word' id='word_1_265' title='bbox 892 3768 948 3833; x_wconf 91' lang='lat'><strong>1.</strong></span> <span class='ocrx_word' id='word_1_266' title='bbox 1000 3769 1062 3832; x_wconf 91' lang='grc'><strong>7.</strong></span> <span class='ocrx_word' id='word_1_267' title='bbox 1113 3767 1572 3833; x_wconf 84' lang='lat' dir='ltr'><strong>Constantius</strong></span> <span class='ocrx_word' id='word_1_268' title='bbox 1619 3770 1694 3833; x_wconf 88' lang='lat' dir='ltr'><strong>et</strong></span> <span class='ocrx_word' id='word_1_269' title='bbox 1742 3767 2089 3833; x_wconf 86' lang='lat' dir='ltr'><strong>Constans</strong></span> <span class='ocrx_word' id='word_1_270' title='bbox 2135 3768 2221 3858; x_wconf 84' lang='lat' dir='ltr'><strong>ad</strong></span> <span class='ocrx_word' id='word_1_271' title='bbox 2271 3766 2631 3834; x_wconf 86' lang='lat' dir='ltr'><strong>Senatum.</strong></span> <span class='ocrx_word' id='word_1_272' title='bbox 2729 3772 2814 3846; x_wconf 88' lang='lat' dir='ltr'><strong>(a.</strong></span> <span class='ocrx_word' id='word_1_273' title='bbox 2842 3768 3088 3851; x_wconf 88' lang='lat' dir='ltr'><strong>361)p.</strong></span> <span class='ocrx_word' id='word_1_274' title='bbox 3147 3768 3249 3850; x_wconf 86' lang='lat'><strong>11,</strong></span> 
     </span>
     <span class='ocr_line' id='line_1_30' title="bbox 2982 3886 3250 3951; baseline -0.004 0"><span class='ocrx_word' id='word_1_275' title='bbox 2982 3886 3070 3951; x_wconf 91' lang='grc'><strong>49</strong></span> <span class='ocrx_word' id='word_1_276' title='bbox 3140 3886 3250 3951; x_wconf 90' lang='grc'><strong>69.</strong></span> 
     </span>
    </p>

    <p class='ocr_par' dir='ltr' id='par_1_4' title="bbox 701 3887 3249 4205">
     <span class='ocr_line' id='line_1_31' title="bbox 701 3887 3249 4089; baseline 0 -21"><span class='ocrx_word' id='word_1_277' title='bbox 701 4003 828 4068; x_wconf 93' lang='lat' dir='ltr'><strong>XI.</strong></span> <span class='ocrx_word' id='word_1_278' title='bbox 890 4003 1260 4089; x_wconf 86' lang='lat'><strong>1.14.(=</strong></span> <span class='ocrx_word' id='word_1_279' title='bbox 1313 4003 1382 4070; x_wconf 93' lang='lat' dir='ltr'><strong>C.</strong></span> <span class='ocrx_word' id='word_1_280' title='bbox 1429 4004 1492 4070; x_wconf 93' lang='lat' dir='ltr'><strong>J.</strong></span> <span class='ocrx_word' id='word_1_281' title='bbox 1543 4003 1670 4069; x_wconf 91' lang='lat' dir='ltr'><strong>XI.</strong></span> <span class='ocrx_word' id='word_1_282' title='bbox 1721 4006 1829 4070; x_wconf 93' lang='grc'><strong>48.</strong></span> <span class='ocrx_word' id='word_1_283' title='bbox 1881 4007 1949 4082; x_wconf 92' lang='grc'><strong>4)</strong></span> <span class='ocrx_word' id='word_1_284' title='bbox 1994 4004 2277 4070; x_wconf 88' lang='lat' dir='ltr'><strong>Valent.</strong></span> <span class='ocrx_word' id='word_1_285' title='bbox 2325 4006 2399 4070; x_wconf 88' lang='lat' dir='ltr'><strong>et</strong></span> <span class='ocrx_word' id='word_1_286' title='bbox 2439 4003 2702 4069; x_wconf 90' lang='lat' dir='ltr'><strong>Valens</strong></span> <span class='ocrx_word' id='word_1_287' title='bbox 2745 4004 2830 4069; x_wconf 88' lang='lat' dir='ltr'><strong>ad</strong></span> <span class='ocrx_word' id='word_1_288' title='bbox 2858 3887 3249 4070; x_wconf 53' lang='lat' dir='ltr'><strong>Mosdestum</strong></span> 
     </span>
     <span class='ocr_line' id='line_1_32' title="bbox 796 4121 3249 4205; baseline -0.004 -5"><span class='ocrx_word' id='word_1_289' title='bbox 796 4121 971 4200; x_wconf 67' lang='lat'><strong>[12.-12</strong></span> <span class='ocrx_word' id='word_1_290' title='bbox 1019 4126 1104 4200; x_wconf 81' lang='lat' dir='ltr'><strong>(a</strong></span> <span class='ocrx_word' id='word_1_291' title='bbox 1156 4121 1317 4205; x_wconf 77' lang='lat'><strong>366)</strong></span> <span class='ocrx_word' id='word_1_292' title='bbox 3026 4138 3090 4204; x_wconf 79' lang='lat' dir='ltr'>p</span> <span class='ocrx_word' id='word_1_293' title='bbox 3140 4123 3249 4188; x_wconf 85' lang='lat'><strong>81.</strong></span> 
     </span>
    </p>
   </div>
   <div class='ocr_carea' id='block_1_4' title="bbox 697 4240 3251 4794">
    <p class='ocr_par' dir='ltr' id='par_1_5' title="bbox 699 4240 3251 4443">
     <span class='ocr_line' id='line_1_33' title="bbox 699 4240 3251 4324; baseline 0 -19"><span class='ocrx_word' id='word_1_294' title='bbox 699 4240 827 4305; x_wconf 91' lang='lat' dir='ltr'><strong>XI.</strong></span> <span class='ocrx_word' id='word_1_295' title='bbox 907 4243 962 4307; x_wconf 94' lang='lat'><strong>1.</strong></span> <span class='ocrx_word' id='word_1_296' title='bbox 1038 4242 1145 4307; x_wconf 93' lang='lat'><strong>26.</strong></span> <span class='ocrx_word' id='word_1_297' title='bbox 1218 4240 1381 4306; x_wconf 86' lang='lat' dir='ltr'><strong>Arc.</strong></span> <span class='ocrx_word' id='word_1_298' title='bbox 1451 4243 1526 4307; x_wconf 87' lang='lat' dir='ltr'><strong>et</strong></span> <span class='ocrx_word' id='word_1_299' title='bbox 1595 4241 1777 4307; x_wconf 92' lang='lat' dir='ltr'><strong>Hon.</strong></span> <span class='ocrx_word' id='word_1_300' title='bbox 1848 4240 2226 4308; x_wconf 86' lang='lat' dir='ltr'><strong>Vincentio</strong></span> <span class='ocrx_word' id='word_1_301' title='bbox 2297 4242 2446 4307; x_wconf 91' lang='grc' dir='ltr'><strong>Ρ.Ρ.</strong></span> <span class='ocrx_word' id='word_1_302' title='bbox 2499 4240 2909 4307; x_wconf 83' lang='lat' dir='ltr'><strong>Galliarum.</strong></span> <span class='ocrx_word' id='word_1_303' title='bbox 2954 4246 3041 4319; x_wconf 88' lang='lat' dir='ltr'><strong>(a.</strong></span> <span class='ocrx_word' id='word_1_304' title='bbox 3090 4240 3251 4324; x_wconf 88' lang='grc'><strong>399)</strong></span> 
     </span>
     <span class='ocr_line' id='line_1_34' title="bbox 2561 4356 3245 4444; baseline 0 -20"><span class='ocrx_word' id='word_1_305' title='bbox 2561 4363 2649 4443; x_wconf 92' lang='lat' dir='ltr'><strong>[p.</strong></span> <span class='ocrx_word' id='word_1_306' title='bbox 2704 4361 2767 4443; x_wconf 90' lang='grc'><strong>4,</strong></span> <span class='ocrx_word' id='word_1_307' title='bbox 2816 4359 2926 4444; x_wconf 87' lang='grc'><strong>36,</strong></span> <span class='ocrx_word' id='word_1_308' title='bbox 2979 4356 3087 4443; x_wconf 91' lang='grc'><strong>54,</strong></span> <span class='ocrx_word' id='word_1_309' title='bbox 3136 4359 3245 4424; x_wconf 93' lang='grc'><strong>80.</strong></span> 
     </span>
    </p>

    <p class='ocr_par' dir='ltr' id='par_1_6' title="bbox 697 4476 3245 4794">
     <span class='ocr_line' id='line_1_35' title="bbox 700 4476 3245 4545; baseline 0 -4"><span class='ocrx_word' id='word_1_310' title='bbox 700 4476 826 4541; x_wconf 93' lang='lat' dir='ltr'><strong>XI.</strong></span> <span class='ocrx_word' id='word_1_311' title='bbox 881 4479 941 4543; x_wconf 97' lang='lat'><strong>7.</strong></span> <span class='ocrx_word' id='word_1_312' title='bbox 993 4479 1055 4543; x_wconf 93' lang='lat'><strong>2.</strong></span> <span class='ocrx_word' id='word_1_313' title='bbox 1106 4477 1615 4544; x_wconf 86' lang='lat' dir='ltr'><strong>Constantinus</strong></span> <span class='ocrx_word' id='word_1_314' title='bbox 1660 4478 1746 4543; x_wconf 89' lang='lat' dir='ltr'><strong>ad</strong></span> <span class='ocrx_word' id='word_1_315' title='bbox 1795 4478 2253 4545; x_wconf 84' lang='lat' dir='ltr'><strong>Pacatianum</strong></span> <span class='ocrx_word' id='word_1_316' title='bbox 2298 4478 2659 4544; x_wconf 88' lang='lat' dir='ltr'><strong>Vicarium</strong></span> <span class='ocrx_word' id='word_1_317' title='bbox 2698 4477 3245 4544; x_wconf 88' lang='lat' dir='ltr'><strong>Britanniarum.</strong></span> 
     </span>
     <span class='ocr_line' id='line_1_36' title="bbox 794 4592 3242 4679; baseline 0 -19"><span class='ocrx_word' id='word_1_318' title='bbox 794 4592 908 4677; x_wconf 87' lang='lat' dir='ltr'><strong>[(a.</strong></span> <span class='ocrx_word' id='word_1_319' title='bbox 958 4595 1114 4678; x_wconf 91' lang='grc'><strong>319)</strong></span> <span class='ocrx_word' id='word_1_320' title='bbox 2656 4614 2721 4679; x_wconf 92' lang='lat' dir='ltr'><strong>p.</strong></span> <span class='ocrx_word' id='word_1_321' title='bbox 2772 4596 3040 4678; x_wconf 87' lang='grc'><strong>62,80,</strong></span> <span class='ocrx_word' id='word_1_322' title='bbox 3090 4596 3242 4661; x_wconf 89' lang='grc'><strong>170.</strong></span> 
     </span>
     <span class='ocr_line' id='line_1_37' title="bbox 697 4711 3245 4794; baseline 0.001 -16"><span class='ocrx_word' id='word_1_323' title='bbox 697 4711 825 4778; x_wconf 90' lang='lat' dir='ltr'><strong>XI.</strong></span> <span class='ocrx_word' id='word_1_324' title='bbox 877 4714 937 4778; x_wconf 91' lang='lat'><strong>7.</strong></span> <span class='ocrx_word' id='word_1_325' title='bbox 993 4714 1094 4779; x_wconf 90' lang='lat'><strong>11.</strong></span> <span class='ocrx_word' id='word_1_326' title='bbox 1144 4712 1428 4779; x_wconf 89' lang='lat' dir='ltr'><strong>Valent.</strong></span> <span class='ocrx_word' id='word_1_327' title='bbox 1478 4715 1553 4779; x_wconf 87' lang='lat' dir='ltr'><strong>et</strong></span> <span class='ocrx_word' id='word_1_328' title='bbox 1590 4712 1963 4780; x_wconf 83' lang='lat' dir='ltr'><strong>Valensad</strong></span> <span class='ocrx_word' id='word_1_329' title='bbox 1992 4714 2395 4782; x_wconf 87' lang='lat' dir='ltr'><strong>Florianum</strong></span> <span class='ocrx_word' id='word_1_330' title='bbox 2419 4715 2944 4782; x_wconf 89' lang='lat' dir='ltr'><strong>ComitemR.P.</strong></span> <span class='ocrx_word' id='word_1_331' title='bbox 2971 4720 3058 4793; x_wconf 87' lang='lat' dir='ltr'><strong>(a.</strong></span> <span class='ocrx_word' id='word_1_332' title='bbox 3086 4712 3245 4794; x_wconf 86' lang='lat'><strong>365)</strong></span> 
     </span>
    </p>
   </div>
   <div class='ocr_carea' id='block_1_5' title="bbox 2805 4835 3236 4919">
    <p class='ocr_par' dir='ltr' id='par_1_7' title="bbox 2805 4835 3236 4919">
     <span class='ocr_line' id='line_1_38' title="bbox 2805 4835 3236 4919; baseline -0.007 -17"><span class='ocrx_word' id='word_1_333' title='bbox 2805 4853 2868 4919; x_wconf 84' lang='lat' dir='ltr'><strong>p.</strong></span> <span class='ocrx_word' id='word_1_334' title='bbox 2922 4836 3032 4918; x_wconf 84' lang='lat' dir='ltr'><strong>es,</strong></span> <span class='ocrx_word' id='word_1_335' title='bbox 3088 4835 3236 4899; x_wconf 89' lang='lat'><strong>178.</strong></span> 
     </span>
    </p>
   </div>
  </div>
 </body>
</html>
