3770 5738
1707 500 1792 565 87

455 703 671 784 igitur
739 702 956 767 etiam
1029 704 1140 787 est
1207 716 1450 766 servos
1497 716 1768 791 quoque
1815 717 1938 781 pro
1985 700 2283 783 materia
2329 699 2694 765 colonatus
2741 699 3015 764 habere.

453 822 569 887 Ita
624 821 825 887 nobis
869 837 1018 886 rem
1063 835 1443 901 proponere
1491 819 1860 886 debemus:
1910 818 2021 884 fac
2067 792 2353 884 servum
2399 790 2767 900 quendam,
2815 817 3017 898 quasi

455 940 780 1006 colonum
849 938 1289 1020 collocatum,
1365 938 1588 1019 primo
1661 937 1941 1003 saeculo
2012 956 2075 1019 p.
2150 936 2302 1002 Chr.
2374 954 2444 1001 n.
2506 936 3018 1003 manumissum

457 1075 639 1139 esse;
687 1062 842 1123 tum
887 1057 1184 1122 libertus
1230 1056 1462 1122 factus
1509 1059 1621 1121 est
1663 1073 1743 1121 eo
1791 1057 1996 1122 modo
2044 1073 2178 1139 quo
2227 1056 2474 1138 reliqui
2515 1072 2776 1137 omneS,
2802 1057 3017 1137 atque

459 1177 821 1259 progenies
883 1175 1035 1257 ejus
1080 1176 1385 1256 ingenua
1431 1178 1619 1258 erat3
1669 1176 1776 1240 sin
1826 1177 2067 1240 autem
2116 1174 2514 1256 hujusmodi
2560 1173 3016 1239 manumissio

457 1295 645 1361 facta
713 1297 904 1361 esset
958 1297 1331 1376 postquam
1378 1294 1744 1360 colonatus
1789 1297 2116 1375 receptus
2163 1295 2295 1375 est,
2344 1295 2500 1358 tum
2548 1292 2838 1359 colonus
2885 1292 3019 1358 fac·

457 1419 576 1479 tus
645 1415 836 1479 esset
904 1412 1079 1477 liber
1146 1412 1446 1495 quidem,
1520 1412 1639 1477 sed
1712 1412 1857 1477 solo
1917 1412 2304 1477 adstrictus
2351 1412 2561 1477 sicuti
2609 1411 2859 1494 ceteri;
2905 1413 3021 1479 1.6.

460 1533 608 1614 ipsa
676 1531 1133 1597 manumissio
1203 1531 1377 1596 nihil
1450 1532 1764 1620 pertinet
1833 1530 1922 1596 ad
1994 1531 2332 1612 originem
2381 1530 2769 1596 colonatus.
2818 1531 3021 1599 Hanc

459 1667 604 1715 rem
651 1650 862 1731 probe
911 1650 1355 1731 perspexisse
1404 1666 1484 1715 eo
1531 1649 1752 1731 pluris
1800 1652 1931 1732 est,
1973 1650 2136 1731 quia
2178 1666 2267 1715 ex
2293 1666 2377 1714 ea
2399 1649 2659 1730 pendet
2674 1650 3020 1732 J'udicium

460 1768 637 1850 quod
688 1769 771 1834 de
817 1768 1045 1849 pretio
1096 1768 1466 1834 colonatus
1504 1769 1647 1850 jnri
1696 1768 1767 1833 in
1812 1767 2109 1833 historia
2155 1768 2608 1834 adscribendo
2654 1768 3020 1834 ferendum

459 1888 586 1970 sit3
659 1887 721 1951 si
790 1886 1156 1953 colonatus
1227 1889 1417 1952 esset
1478 1887 1617 1969 JuS,
1667 1887 1848 1967 quod
1899 1886 2126 1951 servis
2173 1887 2420 1952 datum
2467 1889 2659 1952 esset
2706 1889 2790 1951 ut
2832 1887 3015 1969 apud

458 2024 574 2073 eos
621 2006 1042 2072 servitutem
1090 2006 1468 2087 exciperet,
1515 2006 1794 2071 etiamsi
1842 2023 1927 2072 ea
1970 2022 2339 2072 servorum
2384 2007 2808 2072 rusticorum
2858 2024 3019 2088 pars

459 2124 950 2191 tantummodo
1027 2124 1283 2190 fuisset
1352 2125 1469 2206 qui
1518 2125 1586 2189 id
1637 2127 1880 2190 essent
1927 2125 2186 2207 adepti,
2237 2127 2310 2189 et
2356 2125 2416 2189 si
2462 2125 2533 2189 hi
2581 2142 2703 2206 per
2754 2125 3018 2191 colona·

458 2247 611 2308 tum
680 2260 768 2308 ex
841 2242 1066 2309 servis
1138 2242 1516 2308 semiliberi
1586 2243 1757 2308 facti
1828 2245 2091 2324 essent,
2165 2242 2529 2308 colonatus
2598 2260 2768 2309 sane
2815 2243 3019 2325 signi-

459 2362 700 2427 ficaret
771 2378 1216 2443 progressum
1285 2361 1592 2441 aliquem
1662 2379 1750 2427 ex
1799 2361 2147 2427 deteriore
2195 2360 2599 2427 condicione
2655 2362 2741 2427 ad
2790 2362 3020 2428 melio-

458 2497 605 2546 rem
681 2481 951 2545 statum
1032 2480 1278 2544 mundi
1347 2478 1651 2562 factum3
1719 2480 1840 2545 sed
1913 2496 2074 2545 cum
2120 2481 2455 2572 appareat
2502 2479 2795 2562 plebem,
2845 2497 3021 2562 quae

458 2597 805 2665 colonario
877 2596 1020 2679 juri
1092 2598 1392 2663 obnoxia
1443 2598 1634 2664 facta
1680 2600 1797 2681 sit,
1847 2598 2136 2664 eandem
2188 2601 2400 2664 antea
2446 2597 2738 2664 liberam
2783 2599 3021 2683 fuisse,

456 2717 604 2782 fieri
672 2732 812 2781 non
883 2717 1123 2796 potest
1193 2717 1359 2796 quin
1424 2717 1784 2798 ingentem
1831 2717 2125 2798 gradum
2170 2720 2647 2783 retroversum
2695 2735 2817 2799 per
2863 2734 3024 2783 eum

452 2834 721 2902 factum
767 2850 921 2900 esse
964 2833 1239 2916 judicet
1286 2835 1580 2901 historia
1606 2831 1679 2919 ¹).

543 2953 803 3037 Quodsi
873 2955 1112 3017 autem
1189 2956 1472 3019 constat
1542 2972 1681 3021 non
1752 2971 1999 3020 servos
2069 2954 2289 3019 fuisse
2333 2955 2452 3035 qui
2499 2956 2746 3037 postea
2791 2955 3018 3021 coloni

451 3072 913 3139 adhaerentes
984 3069 1154 3137 facti
1219 3074 1410 3156 sunt,
1462 3072 1825 3154 inquisitio
1875 3073 1960 3138 de
2006 3073 2280 3139 ratione
2331 3090 2656 3154 agrorum
2703 3074 3022 3140 culturae

452 3192 852 3276 hujusmodi
919 3192 1020 3274 fit,
1094 3194 1336 3258 utrum
1376 3192 1621 3258 eodem
1671 3194 1988 3274 tempore
2035 3193 2202 3258 ordo
2257 3191 2722 3273 agricolarum
2770 3209 3022 3258 evanu-

450 3312 584 3377 erit
634 3329 872 3377 necne.
933 3312 1098 3396 „Die
1146 3310 1599 3376 hinsichtlich
1633 3309 1753 3374 des
1778 3309 2217 3375 materiellen
2261 3308 2663 3391 Ursprungs
2688 3310 2810 3376 des
2836 3309 3021 3376 Colo·

453 3435 614 3494 nats
684 3447 771 3495 zu
837 3428 1415 3495 beantwortende
1510 3427 1729 3508 Frage
1798 3427 2001 3493 stellt
2068 3428 2212 3492 sich
2245 3476 2442 3493 .....
2470 3428 2719 3492 dahin.
2755 3429 3021 3493 ...wie

452 3548 560 3613 die
631 3548 801 3613 freie
872 3546 1542 3613 landbautreibende
1615 3546 2130 3630 Bevolkerung,
2173 3549 2362 3611 trotz
2411 3546 2533 3611 des
2581 3546 2652 3611 in
2704 3546 2824 3611 der
2864 3546 3021 3612 Zeit

448 3665 567 3731 des
648 3665 1090 3748 Uebergangs
1160 3682 1299 3731 von
1365 3664 1487 3730 der
1559 3664 1909 3745 Republik
1973 3682 2135 3730 zum
2207 3665 2616 3732 Kaisertum
2663 3665 2810 3730 sich
2859 3681 3012 3730 aus·

451 3784 857 3850 breitenden
916 3783 1649 3849 Latifundienwesens
1708 3784 1857 3848 sich
1904 3784 2015 3849 bis
2063 3800 2189 3849 zur
2238 3783 2394 3849 Zeit
2420 3782 2870 3866 DiocletianS,
2912 3783 3020 3848 bis

519 3995 559 4065 ¹)
594 3995 701 4050 En.
739 3994 981 4065 1111111111,
1018 3994 1123 4050 1)16
1161 3994 1659 4051 wirtschaftliche
1693 3995 2165 4064 Entwickelung
2200 3994 2308 4051 des
2343 3994 2685 4051 Altertums
2720 3994 3024 4063 p.72.Aus

449 4081 653 4137 diesen
695 4082 1164 4151 Bemerkungen
1201 4083 1429 4151 ergiebt
1465 4082 1596 4138 sich
1632 4083 1807 4149 auch,
1846 4097 1974 4139 was
2010 4096 2128 4138 von
2165 4081 2270 4138 der
2305 4082 2714 4150 landlauflgen
2734 4081 3021 4151 Meinung

451 4183 521 4224 zu
560 4169 767 4224 halten
806 4170 903 4240 ist,
938 4169 1171 4225 welche
1210 4171 1272 4225 in
1311 4170 1416 4226 der
1449 4169 1925 4226 okonomischen
1964 4169 2435 4238 Entwickelung
2462 4170 2560 4224 ein
2579 4169 3025 4225 Fortschreiten

450 4270 565 4311 von
602 4256 707 4311 der
742 4255 1047 4311 Sklaverei
1086 4271 1192 4313 zur
1229 4256 1562 4326 Horigkeit,
1601 4272 1718 4313 von
1756 4257 1950 4312 dieser
1984 4271 2090 4312 zur
2125 4255 2314 4312 freien
2350 4256 2565 4312 Arbeit
2599 4255 2856 4312 erblickt
2897 4256 3023 4311 und

450 4343 615 4398 datin
670 4343 943 4411 zugleich
1000 4345 1153 4399 trotz
1207 4344 1355 4399 alles
1405 4343 1813 4413 Niedergangs
1852 4345 2029 4400 einen
2069 4330 2430 4412 ‘gewaltigen
2466 4342 2830 4399 Fortschritt
2880 4357 3022 4398 vom

450 4430 756 4486 Altertum
792 4445 931 4485 zum
969 4431 1317 4486 Mittelalter
1353 4431 1663 4486 erkennen
1701 4431 1963 4486 mochte.
1999 4431 2071 4486 In
2100 4430 2528 4485 Wirklichkeit
2551 4429 2902 4485 bezeichnet
2928 4430 3022 4486 die

452 4517 836 4585 Ausbildung
887 4518 992 4573 des
1045 4517 1356 4586 Kolonats,
1410 4518 1516 4573 der
1569 4518 1903 4587 Horigkeit,
1960 4518 2183 4573 keinen
2230 4516 2608 4586 Fortscbritt,
2645 4517 2907 4573 sondern
2941 4517 3023 4574 ist

453 4604 664 4672 gerade
718 4604 824 4659 das
862 4605 1496 4661 charakteristischste
1533 4605 1803 4661 Moment
1837 4605 1935 4661 fur
1969 4605 2063 4660 die
2099 4604 2525 4673 Riickbildung
2559 4619 2634 4659 zu
2672 4604 2786 4660 den
2824 4605 3022 4674 primi-

451 4692 609 4747 tiven
671 4690 1019 4747 Zustanden
1056 4692 1161 4748 der
1197 4692 1766 4760 mittelalterlichen,
1807 4693 2120 4748 standisch
2159 4691 2562 4761 gegliederten
2606 4691 3023 4748 Gesellschaft.

454 4778 564 4833 Der
619 4779 824 4852 horige
876 4779 1109 4834 Kolone
1147 4781 1283 4835 tritt
1311 4780 1378 4848 ja
1415 4780 1589 4835 nicht
1623 4794 1701 4835 an
1739 4780 1924 4835 Stelle
1962 4779 2069 4836 des
2105 4780 2390 4848 Sklaven,
2426 4778 2685 4835 sondern
2723 4793 2800 4835 an
2839 4779 3021 4836 Stelle

454 4865 557 4921 des
592 4865 781 4922 freien
818 4866 1123 4933 Pachters‚
1160 4867 1263 4923 der
1291 4868 1447 4936 jetzt
1482 4867 1707 4922 erblich
1744 4867 2062 4936 gebunden
2101 4868 2264 4922 wird.
