3770 5738
1981 440 2067 504 58

836 633 1053 717 Saepe
1092 636 1522 718 adscripticii
1570 655 1711 701 una
1759 655 1919 702 cum
1966 638 2190 703 servis
2230 638 2803 724 memorantur¹),
2831 661 3037 725 saepe
3063 650 3302 710 autem

739 752 951 832 Juxta
1019 754 1299 820 colonos
1327 752 1379 836 2)
1447 755 1557 820 vel
1608 756 1792 821 inter
1842 758 2178 838 utrosque
2206 752 2289 839 3);
2345 775 2432 822 ex
2484 760 2612 824 hac
2660 777 2930 842 quoque
2982 779 3054 827 re
3101 780 3303 844 appa·

745 874 855 935 ret
906 888 1025 936 eos
1073 872 1376 937 medium
1430 873 1659 938 locum
1701 875 1884 939 inter
1934 875 2212 940 colonos
2260 881 2334 940 et
2374 894 2614 942 servos
2640 879 3048 944 obtinuisse.
3077 879 3306 946 Semel

747 990 1008 1055 mentio
1083 990 1164 1055 fit
1239 992 1586 1056 variaram
1632 993 2118 1057 condicionum
2168 994 2567 1059 colonorum
2600 991 2683 1073 ⁴):
2734 996 2884 1061 sine
2935 998 3140 1063 dubio
3193 999 3304 1063 ad-

745 1109 1080 1189 scripticii
1135 1109 1502 1175 deterioris
1550 1111 1977 1176 condicionis
2025 1120 2227 1177 erant
2280 1114 2361 1178 de
2403 1131 2538 1195 qua
2578 1115 2890 1196 loquitur
2934 1116 3005 1181 L.
3043 1118 3150 1182 23.
3178 1123 3216 1195 ἓ
3247 1119 3307 1182 1.

749 1226 886 1291 C.J.
934 1226 1057 1291 XI.
1110 1227 1216 1292 48.
1246 1224 1408 1304 ⁵).—

822 1317 955 1410 'DE
1028 1346 1631 1413 TRIBUTARIIS.
1720 1347 2121 1414 Secundum
2191 1366 2626 1415 communem
2701 1351 2844 1416 fere
2914 1353 3311 1433 opinionem

750 1465 1145 1529 tributariis
1215 1466 1475 1547 pariter
1536 1468 1748 1547 atque
1818 1466 2289 1548 adscripticiis
2359 1468 2580 1533 coloni
2652 1469 2737 1533 ad
2802 1487 3019 1534 unum
3070 1489 3313 1536 omnes

749 1584 1271 1667 significantur3
1333 1603 1581 1651 nomen
1634 1603 1840 1650 suum
1887 1588 1974 1651 ab
2023 1604 2102 1651 oo
2147 1588 2500 1668 accepisse
2551 1592 2913 1669 putantur,
2963 1590 3143 1670 quod
3197 1592 3312 1655 tri·

750 1703 920 1766 buto
970 1703 1222 1784 capitis
1272 1705 1553 1768 obnoxii
1609 1708 1849 1769 essent
1876 1700 1947 1781 6).
1999 1704 2191 1785 Quod
2235 1723 2482 1770 nomen
2513 1713 2595 1769 ut
2619 1706 2995 1790 explicent,
3022 1713 3317 1775 monent

751 1821 1062 1885 omnium
1111 1821 1430 1886 ordinum
1480 1822 1732 1903 quibus
1786 1822 2134 1909 tributum
2183 1824 2434 1904 capitis
2464 1823 2906 1903 pendendum
2933 1828 3108 1906 erat,
3141 1826 3317 1895 colo·

751 1956 1000 2003 norum
1068 1940 1379 2004 omnium
1452 1928 1838 2005 maximum
1908 1941 2125 2005 fuisse
2152 1937 2224 2021 ⁷),
2301 1942 2712 2022 praesertim
2783 1959 2870 2006 ex
2935 1961 3069 2023 quo
3120 1945 3317 2025 plebs

754 2058 1021 2121 urbana
1089 2058 1423 2122 immunis
1494 2061 1683 2123 esset
1755 2060 1946 2123 facta
1972 2056 2041 2135 ⁸).
2092 2060 2251 2139 Ipsa
2305 2077 2441 2123 vox
2493 2059 2575 2123 de
2627 2060 3137 2140 significatione
3186 2080 3315 2127 sua

753 2174 924 2239 nihil
1003 2176 1227 2258 docet,
1278 2177 1531 2257 quippe
1579 2178 1759 2258 quod
1810 2177 2217 2258 plerumque
2267 2177 2336 2240 in
2380 2177 2792 2242 universum
2840 2196 3000 2243 eum
3047 2180 3317 2246 indicet

754 2293 870 2373 qui
920 2293 1187 2357 tributo
1237 2294 1511 2358 cuidam
1561 2295 1904 2359 obnoxius
1959 2298 2069 2359 est
2095 2290 2163 2370 ⁹).
2210 2295 2402 2375 Quod
2452 2296 2801 2360 tributum
2849 2300 3089 2361 autem
3141 2299 3314 2379 cogi-

760 2410 1127 2417 ——--.-..—-——
1136 2414 1145 2417 -

828 2450 865 2513 ¹)
904 2449 965 2505 L.
1003 2452 1051 2505 1.
1090 2450 1148 2505 C.
1185 2450 1239 2505 J.
1277 2450 1441 2506 VIII.
1476 2453 1570 2518 51;
1610 2452 1673 2506 L.
1711 2453 1755 2506 1.
1796 2451 1853 2507 C.
1893 2451 1946 2506 J.
1985 2452 2090 2507 XI.
2127 2453 2224 2520 695
2261 2451 2410 2507 Nov.
2446 2452 2602 2508 Just.
2639 2451 2917 2507 CXXIII.
2953 2468 3079 2522 cap.
3116 2455 3170 2509 4.

827 2538 869 2600 ¹)
911 2537 995 2591 Ll.
1029 2538 1080 2606 6,
1120 2539 1201 2605 19,
1238 2539 1324 2594 23.
1360 2538 1418 2593 C.
1456 2538 1506 2594 J.
1544 2539 1652 2594 XI.
1688 2540 1784 2607 48;
1824 2539 1971 2594 Nov.
2008 2539 2166 2594 Just.
2202 2538 2536 2594 CXXVIII.
2571 2553 2699 2607 cap.
2737 2539 2818 2594 14.

826 2623 868 2688 ⁸)
911 2623 973 2678 L.
1008 2624 1059 2679 6.
1095 2625 1129 2691 ἓ
1165 2626 1217 2679 9.
1253 2624 1311 2680 C.
1348 2625 1400 2680 J.
1438 2624 1484 2680 I.
1523 2626 1617 2693 123
1653 2626 1699 2680 L
1752 2626 1802 2680 3.
1840 2625 1897 2680 C.
1938 2625 1992 2680 J.
2027 2624 2194 2681 VIII.
2229 2628 2324 2694 513
2367 2626 2428 2680 L.
2467 2628 2547 2680 11.
2585 2624 2646 2682 C.
2682 2626 2734 2681 J.
2772 2626 2878 2681 III.
2914 2626 2999 2682 38.

821 2709 865 2775 ⁴)
903 2710 965 2764 L.
999 2711 1084 2766 20.
1124 2711 1183 2767 C.
1218 2711 1271 2767 J.
1310 2712 1419 2767 XI.
1454 2713 1623 2767 48...
1659 2713 1710 2767 si
1749 2713 1988 2781 quando
2026 2713 2219 2768 coloni
2257 2713 2694 2781 cujuscumque
2731 2712 3133 2769 condicioniS.
3160 2755 3207 2768 ..

824 2796 863 2865 ¹)
903 2797 1085 2867 „Cum
1123 2805 1327 2855 autem
1368 2801 1771 2856 Anastasiana
1806 2800 1906 2855 lex
1945 2800 2237 2871 homineS,
2273 2801 2376 2868 qui
2415 2814 2518 2869 per
2538 2801 2785 2867 triginta
2803 2815 2998 2856 annos
3017 2801 3319 2856 colonaria

754 2886 984 2942 detenti
1018 2889 1181 2954 sunt,
1218 2888 1567 2944 condicione
1603 2889 1796 2943 voluit
1832 2889 2048 2943 liberos
2078 2889 2320 2956 quidem
2341 2901 2706 2957 permanere,
2732 2890 3077 2944 nouantem
3097 2889 3319 2944 habere

752 2974 1102 3031 facultatem
1158 2978 1317 3031 terra
1373 2976 1657 3032 derelicta
1710 2977 1770 3031 in
1826 2976 1943 3030 alia
1977 2977 2107 3031 loca
2142 2977 2412 3043 migrare,
2452 2978 2510 3030 et
2548 2990 2625 3030 ex
2663 2974 2775 3029 hoc
2812 2976 3230 3046 quaerebatur,
3266 2977 3317 3030 si

752 3063 936 3118 etiam
991 3064 1159 3118 liberi
1215 3077 1422 3119 eorum
1477 3064 1915 3132 cujuscumque
1970 3077 2175 3119 sexus.
2212 3064 2355 3119 licet
2390 3077 2511 3118 non
2548 3063 2800 3130 triginta
2835 3077 3028 3118 annos
3063 3062 3322 3119 fecerint

752 3149 816 3206 in
870 3149 1074 3205 fundis
1128 3151 1219 3205 vel
1277 3150 1442 3216 vicie,
1497 3150 1784 3206 deberent
1835 3151 2167 3205 colonariae
2203 3164 2338 3205 esse
2376 3149 2743 3204 condicionis
2779 3165 2853 3204 an
2894 3151 3321 3205 tantummodo

752 3238 988 3306 genitor
1038 3252 1263 3304 eorum,
1312 3238 1415 3306 qui
1454 3252 1556 3305 per
1591 3238 1839 3306 triginta
1875 3252 2067 3292 annos
2105 3237 2451 3305 hujusmodi
2491 3236 2855 3291 condicionis
2891 3237 3160 3305 illigatus
3196 3239 3316 3292 est:

752 3325 1059 3379 sancimus
1092 3325 1308 3379 liberos
1344 3325 1687 3380 colonorum
1726 3338 1857 3379 esse
1896 3325 2136 3391 quidem
2162 3324 2226 3378 in
2247 3326 2605 3392 perpetuum
2627 3323 2963 3378 secundum
2986 3323 3316 3391 praefatam

753 3412 944 3479 legem
997 3412 1214 3467 liberos
1266 3421 1327 3466 et
1383 3412 1549 3467 nulla
1604 3413 1877 3467 deteriore
1924 3412 2245 3467 condicione
2281 3411 2654 3479 praegravari
2698 3425 2818 3465 non
2855 3413 3060 3466 autem
3099 3412 3321 3466 habere

751 3499 1057 3554 licentiam
1113 3499 1318 3554 relicto
1372 3514 1483 3554 suo
1520 3515 1656 3554 rure
1692 3501 1749 3554 in
1790 3499 1953 3554 aliud
1991 3500 2265 3566 migrare,
2302 3498 2404 3553 sed
2443 3512 2681 3566 semper
2717 3501 2908 3552 terrae
2946 3499 3320 3562 inhaereant,

753 3601 937 3655 quam
973 3587 1159 3642 semel
1194 3587 1500 3642 colendam
1530 3589 1731 3655 patres
1749 3601 1957 3641 eorum
1978 3585 2428 3654 susceperunt.’'
2456 3616 2500 3623 -
2533 3585 2616 3639 Cf.
2636 3585 3079 3652 pragmaticum
3104 3584 3318 3640 Tiberii

754 3675 1035 3743 Augusti,
1072 3689 1257 3744 supra
1291 3674 1604 3729 laudatum
1642 3689 1697 3741 p.
1733 3674 1817 3728 22.

826 3762 866 3831 ⁰)
901 3761 1140 3817 Fosmm,
1177 3776 1257 3817 na
1293 3761 1674 3827 Coumnens,
1711 3776 1767 3830 p.
1804 3761 1924 3816 100.
1961 3760 2051 3816 On
2087 3760 2178 3815 les
2213 3759 2442 3827 appelle
2479 3759 2551 3813 de
2589 3761 2785 3814 meme
2809 3759 3128 3823 tributarii,
3147 3773 3320 3827 parce

753 3848 927 3917 qu’ils
966 3851 1193 3918 payent
1226 3848 1281 3904 le
1318 3850 1615 3904 tributum
1655 3863 1759 3917 par
1796 3849 1919 3904 tete
1993 3913 1999 3922 st

825 3935 866 4006 ⁷)
904 3937 1205 3991 SAvaY.
1266 3936 1462 3991 Ueber
1521 3936 1636 3990 den
1697 3935 2060 3990 Romischen
2121 3934 2382 3989 Colonat.
2436 3932 2815 3988 Vermischte
2868 3932 3189 3987 Schriften.
3244 3932 3320 3987 II.

752 4039 848 4095 pp.
884 4024 971 4092 32,
1006 4023 1092 4079 33.
1692 4075 1697 4080 .

824 4112 865 4180 ⁸)
917 4111 1188 4166 Primum
1241 4110 1354 4166 sub
1409 4110 1791 4176 Diocletiano,
1845 4110 1986 4164 dein
2039 4112 2235 4163 denuo
2291 4108 2403 4162 sub
2459 4107 2872 4162 ConstantinO.
2919 4107 2980 4161 L.
3022 4107 3073 4160 2.
3113 4105 3173 4161 C.
3212 4106 3320 4162 Th.

754 4198 926 4254 XIII.
981 4198 1065 4252 10.
1106 4196 1281 4252 Plebs
1319 4198 1560 4264 urbana,
1596 4198 1754 4252 sicut
1791 4198 1853 4253 in
1893 4196 2282 4251 orientalibus
2319 4209 2554 4263 quoque
2592 4194 2916 4262 provinciis
2949 4194 3320 4256 observatur,

753 4286 1005 4340 minime
1040 4285 1105 4339 in
1140 4285 1421 4339 censibus
1457 4298 1560 4352 pro
1596 4285 1956 4352 capitatione
1994 4298 2106 4337 sua
2142 4282 2550 4349 conveniatur,
2588 4282 2690 4336 sed
2724 4283 2906 4349 juxta
2935 4280 3318 4348 hancjussio-

755 4386 897 4427 nem
933 4373 1202 4426 nostram
1239 4372 1532 4426 immunis
1569 4371 1876 4430 habeatur.
1912 4370 2093 4424 sicuti
2128 4371 2313 4424 etiam
2349 4369 2462 4423 sub
2500 4368 2741 4423 domino
2766 4370 2830 4423 et
2846 4369 3091 4437 parente
3113 4373 3321 4421 nostro

755 4459 1122 4515 Diocletiano
1160 4459 1392 4514 seniore
1429 4461 1501 4513 A.
1538 4458 1745 4512 eadem
1783 4458 1952 4526 plebs
1989 4458 2218 4512 urbana
2251 4457 2545 4511 immunis
2580 4456 2792 4510 fuerat.

825 4548 868 4612 ⁹)
909 4547 1056 4601 Nov.
1110 4546 1268 4601 Just.
1304 4545 1637 4601 CXXVIII.
1677 4560 1801 4613 cap.
1842 4546 1925 4599 15.
1962 4545 2075 4599 Eos
2111 4546 2333 4610 autem,
2370 4544 2470 4612 qui
2509 4542 2747 4612 publica
2784 4542 3010 4597 tributa
3044 4541 3320 4608 exigunt,

747 4635 935 4703 justis
986 4633 1349 4701 ponderibus
1403 4635 1467 4687 et
1518 4631 1818 4687 mensuris
1873 4632 1962 4686 uti
2019 4631 2431 4699 praecipimus
2490 4633 2554 4684 ut
2601 4643 2794 4696 neque
2831 4630 2894 4682 in
2930 4629 3042 4683 hoc
3080 4629 3320 4683 nostros

755 4721 1103 4777 tributarios
1137 4720 1395 4775 laedant.
1439 4750 1489 4759 -
1536 4719 1871 4774 Salvianus.
1909 4717 1993 4773 De
2030 4718 2277 4785 gubern.
2314 4718 2423 4771 dei.
2451 4717 2520 4771 V.
2554 4717 2605 4771 8.
2641 4716 2727 4771 35.
2765 4716 2824 4771 Si
2863 4714 3102 4783 quando
3138 4715 3319 4781 enim,

756 4809 828 4863 ut
862 4821 1053 4876 nuper
1087 4806 1314 4862 factum
1352 4808 1461 4872 est,
1499 4805 1938 4862 consulendum
1978 4804 2225 4860 defectis
2260 4805 2512 4860 urbibus
2547 4805 2654 4859 aut
2691 4802 3017 4858 minuendo
3036 4802 3099 4878 in
3118 4801 3319 4869 aliquo
