3770 5738
1687 513 1815 580 133

472 731 605 778 non
655 713 1063 795 assentitur,
1112 716 1185 778 et
1233 713 1474 778 colono
1522 713 1949 778 manendum
1998 715 2131 795 est,
2182 713 2316 777 nisi
2342 712 2523 778 forte
2573 715 3029 794 campartem

472 831 699 914 pretii,
778 849 990 913 quam
1055 832 1204 913 jam
1277 832 1517 913 solvit,
1596 831 1756 896 vult
1825 831 2149 913 perdere;
2222 848 2359 896 non
2432 832 2731 913 nomine,
2782 832 2902 897 sed
2956 849 3030 897 re

470 950 750 1031 glaebae
798 953 912 1016 est
958 950 1380 1032 adscriptus.
1434 950 1707 1015 Notatu
1754 966 2029 1031 quoque
2087 950 2373 1031 dignum
2421 952 2534 1015 es't
2561 967 2684 1030 pro
2711 951 3029 1015 mercede

473 1070 865 1133 nummaria
914 1073 1180 1134 certam
1230 1069 1502 1150 copiam
1551 1068 1889 1132 frumenti
1940 1071 2220 1148 pactam
2271 1085 2423 1132 esse
2474 1085 2699 1148 posse.
2752 1067 3027 1133 Gravis-

471 1188 718 1252 simam
766 1190 1009 1252 autern
1041 1186 1600 1252 -similitudinem
1647 1188 1939 1267 praebet
1992 1192 2030 1264 ἕ
2073 1187 2158 1250 6a
2210 1189 2619 1252 contractus
2667 1186 3029 1268 cujusdam

472 1306 773 1386 exempli
825 1304 1160 1386 prodendi
1210 1321 1422 1370 causa
1474 1306 1828 1369 delineati.
1889 1305 2191 1389 „Kaufer
2240 1305 2667 1386 verplichtet
2697 1306 2846 1370 sich
2872 1307 3030 1371 dem

474 1424 863 1489 Verkaufer
931 1424 1071 1489 und
1120 1425 1372 1489 dessen
1421 1423 2113 1504 Besitznachfolgern
2155 1424 2458 1505 jahrlich
2505 1424 2635 1488 auf
2672 1425 3025 1490 erfordern

474 1561 560 1607 an
631 1543 810 1608 zehn
885 1543 1114 1623 Tagen
1187 1541 1625 1607 Handarbeit
1693 1542 2051 1607 entweder
2121 1542 2345 1607 selbst
2411 1560 2498 1607 zu
2561 1543 2813 1607 leisten
2866 1543 3030 1608 oder

479 1662 692 1726 durch
747 1662 949 1726 einen
998 1661 1367 1743 tuchtigen
1412 1661 1741 1726 Arbeiter
1790 1661 2044 1726 leisten
2093 1677 2183 1726 zu
2228 1660 2529 1725 lassen.''

562 1781 877 1861 Apparet
932 1780 1167 1863 igitur,
1215 1782 1297 1844 ut
1344 1780 1648 1861 primum
1697 1780 1931 1860 inopia
1955 1780 2204 1844 extitit
2240 1779 2738 1861 operariorum,
2765 1797 3027 1861 posses-

472 1915 659 1964 sores
733 1915 988 1981 pronos
1057 1915 1210 1963 esse
1273 1897 1361 1963 ad
1410 1898 1760 1979 operarios
1809 1914 1948 1962 non
1997 1898 2251 1962 liberos
2297 1897 2745 1963 adhibendos
2842 1898 3029 1980 Quae

471 2018 565 2081 sit
611 2016 790 2082 ratio
838 2016 1050 2097 hujus
1098 2017 1394 2099 servitii,
1446 2019 1687 2082 utrum
1740 2016 2165 2082 necessitate
2217 2016 2365 2081 sola
2411 2018 2683 2082 nitatur
2704 2034 2794 2082 an
2814 2018 3030 2082 etiam

473 2135 739 2217 legibus
810 2135 907 2200 sit
978 2137 1246 2217 sancta,
1319 2135 1652 2216 pendebit
1697 2152 1739 2199 a
1786 2135 2104 2215 potentia
2150 2151 2358 2216 quam
2405 2139 2745 2216 utraeque
2792 2138 3030 2217 partes

472 2256 767 2335 possunt
814 2270 1159 2319 exercere.

560 2373 815 2437 Eadem
863 2373 1008 2436 fere
1057 2389 1188 2453 reS,
1233 2372 1352 2437 sed
1381 2371 1668 2453 paulurn
1696 2372 2075 2437 immutata
2101 2372 2280 2452 quod
2307 2373 2393 2436 ad
2420 2372 2715 2437 formam
2743 2372 3028 2451 attinet,

476 2490 946 2555 animadverti
1021 2492 1257 2570 potest
1328 2490 1401 2553 in
1474 2489 1825 2555 industria
1902 2490 1986 2554 ad
2061 2507 2173 2554 res
2221 2506 2435 2574 manu
2482 2490 2838 2555 faciendas
2886 2507 3026 2570 per·

473 2609 763 2674 tinente.
860 2608 939 2673 In
1013 2609 1421 2673 universum
1494 2609 1696 2673 haec
1738 2609 2073 2689 operariis
2147 2585 2284 2673 non
2356 2610 2551 2689 eget;
2623 2625 2713 2673 ex
2761 2607 3031 2688 ingenti

471 2727 923 2792 multitudine
993 2744 1254 2808 eorum,
1325 2725 1443 2807 qui
1492 2726 1724 2791 labore
1773 2729 2040 2809 carent,
2091 2726 2423 2808 quidquid
2474 2725 2674 2791 deest
2720 2725 3029 2806 suppleri

472 2848 705 2927 potest
775 2846 996 2912 sicubi
1068 2845 1352 2926 negotia
1419 2843 1710 2927 florent;
1783 2846 1994 2911 rebus
2064 2845 2383 2911 adversis
2442 2845 2724 2911 eosdem
2776 2844 3028 2926 depelli

469 2983 668 3046 posse
717 2966 1020 3046 expedit.
1067 2965 1334 3030 Verum
1382 2965 1510 3029 hac
1560 2964 1628 3028 in
1679 2981 1753 3029 re
1802 2965 2026 3030 oritur
2065 2964 2256 3029 aliud
2283 2981 2504 3044 genus
2529 2963 2821 3045 inopiae,
2850 2980 3028 3044 quae

470 3085 689 3165 magis
774 3084 1131 3166 magisque
1215 3082 1424 3149 efficit
1508 3085 1591 3147 ut
1662 3084 1959 3165 operarii
2031 3083 2322 3149 officinis
2392 3083 2928 3163 adstringantur
2957 3079 3028 3160 ¹).

470 3202 771 3268 Assidue
840 3204 1179 3301 coartatio
1251 3202 1546 3268 rationis
1592 3201 2005 3267 fabricensis
2053 3202 2406 3283 procedit;
2457 3218 2728 3282 semper
2775 3202 3028 3266 crescit

470 3338 799 3386 numerus
871 3322 1263 3401 ingentium
1325 3321 1776 3386 officinarum.
1872 3320 2093 3400 Magis
2140 3321 2500 3401 magisque
2551 3321 3026 3385 necessarium

469 3440 547 3505 fit
615 3441 864 3504 harum
928 3440 1366 3505 institionem
1415 3440 1742 3520 quamvis
1788 3440 2076 3504 brevem
2124 3446 2588 3520 praevertere.
2680 3439 2840 3503 Jam
2890 3455 3027 3503 non

468 3559 641 3623 satis
708 3562 820 3623 est
889 3576 1164 3641 semper
1211 3559 1562 3640 operarios
1608 3559 1681 3622 in
1730 3559 2059 3639 promptu
2110 3574 2299 3638 esse;
2351 3557 2673 3622 dominus
2721 3556 3029 3622 officinae

470 3678 813 3757 quantum
863 3679 1101 3758 potest
1145 3677 1509 3758 prohibere
1563 3677 1771 3741 debet
1820 3676 2194 3756 quominus
2242 3692 2609 3756 processus
2633 3675 3028 3740 fabricatio-

468 3795 576 3860 nis
622 3795 1165 3860 intermittatur.
1223 3794 1548 3880 „Direkte
1599 3794 2162 3875 Zwangsmittel,
2207 3792 2337 3858 den
2390 3792 2716 3858 Arbeiter
2764 3793 2859 3856 im
2910 3793 3029 3858 Be-

470 3914 688 3979 triebe
756 3913 1253 3996 festzuhalten,
1328 3912 1495 3978 oder
1564 3914 1685 3978 ihn
1733 3929 1821 3976 an
1874 3912 2066 3976 einer
2110 3911 2898 3992 Arbeitsniederlegun'g
2944 3928 3032 3976 zu

471 4031 786 4113 hindern,
858 4032 1013 4096 sind
1086 4032 1264 4097 nach
1328 4032 1451 4096 der
1502 4031 2069 4111 gegenwartigen
2119 4028 2787 4109 Rechtsauffassung
2836 4030 3034 4095 nicht

472 4150 945 4214 vorhanden’'.
1021 4149 1433 4215 Remedium
1499 4152 1738 4215 autem
1798 4150 2222 4214 indirectum
2271 4149 2645 4214 adhibetur
2692 4166 2816 4229 per
2859 4148 3033 4213 illud

471 4267 911 4349 institutum,
953 4269 1131 4349 quod
1183 4268 1254 4332 in
1304 4270 1547 4333 nostra
1592 4269 1823 4349 patria
1877 4267 2463 4352 „modelfabriek”
2490 4266 2784 4344 (officina
2809 4283 3033 4332 exem-

472 4385 709 4467 plaris)
759 4386 1172 4467 appellatur.
1224 4386 1572 4451 Instituta
1619 4386 2100 4468 operariorum
2150 4385 2532 4451 commodis
2558 4385 3038 4468 inservientia,

546 4615 584 4679 ¹)
623 4615 708 4670 Ea
762 4630 913 4684 quae
968 4618 1309 4684 sequuntur
1358 4616 1604 4684 sumpta
1655 4618 1806 4671 sunt
1858 4630 1937 4671 ex
1974 4616 2382 4685 disputatione
2419 4614 2529 4670 viri
2567 4613 2637 4671 cl.
2675 4615 3013 4672 Bmm‘rANo

480 4702 626 4771 „Das
682 4718 837 4757 neue
893 4703 1141 4758 Gesicht
1180 4703 1284 4758 der
1321 4702 1762 4771 gewerblichen
1799 4702 2293 4772 Arbeiterfrage‚”
2332 4701 2728 4758 Frankfurter
2765 4703 3041 4773 Zeitung,

477 4789 567 4843 ΝΟ.
624 4790 730 4845 358
782 4792 845 4844 et
895 4790 1026 4856 3593
1065 4791 1240 4856 cujus
1276 4792 1637 4857 conspectus
1674 4790 1991 4845 invenitur
2025 4791 2091 4846 in
2128 4789 2511 4860 ephemeride
2549 4789 2774 4844 Soziale
2813 4790 3026 4846 Praxis

492 4877 583 4932 die
622 4876 673 4931 V
714 4890 923 4932 mense
959 4876 1260 4944 Janua1·i0‚
1297 4892 1348 4931 a.
1388 4878 1537 4931 1905.
1577 4892 1632 4944 p.
1668 4876 1787 4931 348.
