3770 5738
1727 413 1814 477 59

482 609 786 675 tandum
831 608 948 691 sit,
1000 611 1201 690 patet
1249 626 1336 674 ex
1391 609 1462 673 L.
1498 611 1554 673 1.
1605 609 1741 699 C.J.
1790 608 1917 674 XI.
1969 610 2074 675 52.
2130 610 2302 694 „Per
2350 610 2748 675 universam
2798 611 3054 676 dioece-

481 729 622 793 sim
692 727 1141 793 Thraciarum
1216 726 1498 792 sublato
1572 728 1642 791 in
1716 730 2135 809 perpetuum
2217 729 2551 794 humanae
2622 730 3056 811 capitationis

483 865 683 912 censu
750 845 1023 926 Jugatio
1094 847 1380 910 tantum
1454 849 1735 910 terrena
1805 846 2143 911 solvatur.
2217 846 2308 911 Et
2377 863 2464 912 ne
2540 847 2720 912 forte
2791 847 3053 913 colonis

488 964 893 1029 tributariae
935 966 1144 1029 sortis
1188 963 1469 1028 nexibus
1515 963 1841 1028 absolutis
1889 956 2190 1043 vagan‘di
2238 968 2312 1028 et
2353 981 2487 1044 quo
2536 964 2822 1030 libuerit
2874 982 3052 1030 rece·

486 1082 694 1147 dendi
767 1082 1069 1146 facultas
1139 1082 1480 1163 permissa
1552 1082 1898 1163 videatur,
1969 1082 2095 1163 ipsi
2159 1082 2438 1163 quidem
2487 1083 2858 1163 originario
2895 1083 3053 1164 jnre

486 1203 888 1280 teneantur,
961 1204 1034 1265 et
1102 1200 1268 1265 licet
1342 1200 1746 1265 condicione
1792 1199 2165 1264 videantur
2221 1201 2527 1282 ingenui,
2577 1202 2764 1265 servi
2815 1204 3053 1266 tamen

487 1321 718 1383 terrae
759 1319 981 1399 ipsius
1021 1318 1128 1382 cui
1170 1319 1319 1382 nati
1363 1326 1532 1382 sunt
1572 1318 2039 1382 aestimentur
2075 1335 2202 1382 nec
2239 1318 2599 1384 recedendi
2650 1336 2785 1399 quo
2827 1320 3054 1384 velint

487 1438 615 1521 aut
654 1436 1099 1519 permutandi
1128 1436 1278 1501 loca
1303 1437 1610 1501 habeant
1637 1435 2074 1516 facultatem,
2104 1436 2222 1501 sed
2253 1454 2613 1517 possessor
2637 1454 2875 1503 eorum
2895 1437 3055 1518 jure

494 1556 743 1619 utatur
805 1558 879 1619 et
927 1555 1205 1635 patroni
1255 1554 1728 1619 sollicitudine
1780 1557 1853 1619 et
1904 1554 2163 1619 domini
2213 1556 2674 1635 postestate.''
2722 1555 3053 1637 Capitati-

489 1690 618 1739 one
666 1674 975 1737 humana
1027 1673 1310 1737 sublata
1358 1673 1573 1752 igitur
1621 1673 2039 1737 tributariae
2088 1674 2301 1738 sortis
2334 1691 2521 1738 nexu
2546 1691 2818 1755 quoque
2844 1674 3052 1739 solvi-

489 1795 605 1856 tur
669 1766 993 1870 colonus;
1044 1791 1282 1870 itaque
1348 1791 1717 1871 tributum,
1772 1808 1859 1855 ex
1910 1808 2045 1871 quo
2094 1808 2346 1855 nomen
2374 1793 2689 1874 trahunt,
2718 1792 3054 1873 capitatio

491 1910 799 1974 humana
882 1910 1089 1974 debet
1160 1926 1332 1973 esse.
1407 1909 1826 1989 Plerumque
1906 1913 2145 1973 autem
2188 1910 2496 1974 creditur
2543 1910 2723 1975 hanc
2763 1910 3054 1975 eandem

488 2027 704 2092 fuisse
751 2044 832 2091 ac
880 2027 1385 2107 capitationem
1411 2026 1776 2107 plebejam,
1828 2028 1934 2091 i.e.
1983 2027 2334 2091 tributum
2360 2028 2633 2109 capitis.
2663 2028 3051 2093 Cuitamen

490 2145 796 2227 opinioni
844 2146 1069 2209 multa
1116 2146 1395 2210 obstare
1448 2141 1939 2222 videbimus1).

588 2266 643 2328 1.
723 2263 1092 2327 Tributum
1166 2262 1440 2343 capitiS,
1514 2265 1597 2327 ut
1649 2267 1896 2327 notum
1921 2266 2122 2344 est,a
2161 2264 2444 2345 coloniS,
2487 2264 2759 2345 jugatio
2813 2267 3054 2329 autem

488 2384 790 2461 terrena,
846 2386 922 2445 ut
968 2398 1055 2445 ex
1106 2381 1257 2461 ipsa
1302 2381 1402 2445 rei
1453 2385 1708 2446 natura
1755 2383 2069 2463 apparet,
2117 2398 2160 2445 a
2176 2382 2694 2461 possessoribus
2718 2382 3056 2447 solvenda

488 2502 616 2565 est.
692 2499 864 2580 Agit
934 2502 1173 2563 autem
1244 2499 1359 2562 lex
1406 2516 1616 2579 quam
1665 2499 1950 2563 laudavi
2000 2499 2368 2563 evidenter
2433 2500 2516 2564 de
2565 2501 2855 2565 tributis
2905 2504 3054 2565 tan·

490 2621 639 2682 tum
695 2633 1206 2698 possessorum;
1257 2633 1395 2681 non
1444 2616 1513 2680 in
1567 2616 1976 2681 universum
2026 2619 2342 2697 spectare
2391 2618 2476 2681 ad
2530 2618 2801 2682 tributa
2849 2617 3054 2682 Thra·

492 2736 636 2801 ciae
707 2737 907 2816 patet
976 2752 1062 2799 ex
1147 2735 1385 2800 addito
1435 2735 1590 2799 illo:
1652 2734 1958 2819 „Jugatio
2013 2738 2297 2800 tantum
2341 2741 2620 2800 terrena
2667 2736 3054 2818 solvatur'’,

490 2854 749 2920 etenim
800 2854 919 2932 616,
966 2855 1081 2935 qui
1131 2869 1267 2918 non
1319 2871 1753 2935 possessores
1802 2857 2025 2935 erant,
2052 2852 2269 2918 etiam
2295 2854 2720 2936 capitatione
2748 2855 3055 2919 humana

489 2972 767 3037 sublata
809 2971 949 3036 alia
995 2972 1264 3037 tributa
1311 2979 1745 3053 supererant.
1796 2971 2022 3036 Valde
2072 2972 2287 3053 igitur
2335 2972 2588 3040 mirum
2647 2989 2720 3036 se
2770 2973 3059 3037 haberet

491 3091 547 3155 si
618 3091 687 3155 in
762 3091 911 3171 lege
989 3090 1073 3154 ad
1147 3107 1581 3171 possessores
1636 3091 2039 3171 pertinente
2090 3094 2529 3155 statueretur
2579 3093 2659 3154 ut
2709 3091 3053 3154 tributum

492 3210 740 3289 capitis
810 3210 1195 3274 colonorum
1257 3208 1679 3290 aboleretur,
1728 3210 1941 3288 atque
1990 3208 2091 3271 ita
2143 3211 2407 3272 tantum
2453 3207 2726 3288 Jugatio
2777 3211 3056 3272 terrena

483 3345 949 3408 possessorum
997 3328 1335 3390 maneret.

584 3447 643 3510 2.
709 3448 917 3508 Anno
967 3445 1093 3508 371
1151 3444 1715 3525 Valentinianus,
1770 3442 2052 3525 ValenS,
2106 3443 2488 3508 Gratianus
2536 3443 2934 3509 colonatum
2983 3444 3052 3508 in

496 3562 850 3645 Illyricum
924 3562 1493 3642 introduxerunt,
1567 3562 1747 3641 quod
1823 3564 2037 3626 fiebat
2086 3562 2274 3627 111606
2328 3563 2555 3626 verbis
2580 3559 2664 3639 2);
2723 3563 3056 3646 „Colonos

496 3809 836 3864 tributarias
888 3807 1234 3864 functiones
1289 3809 1619 3876 potestates
1671 3822 1948 3863 summae
2001 3807 2500 3874 existimaverint,
2552 3807 2686 3862 ilico
2723 3807 3054 3863 remedium

496 3895 727 3951 cunctis
763 3895 977 3951 datum
1014 3895 1124 3949 soli
1159 3896 1319 3951 inter
1352 3909 1418 3950 se
1456 3894 1678 3949 divites
1713 3896 2076 3963 partiuntur.
2114 3894 2258 3961 Quis
2297 3896 2444 3949 tunc
2481 3908 2812 3962 pauperum
2852 3894 3055 3949 memi-

499 3981 625 4037 nit?
682 3984 821 4052 quis
873 3983 946 4038 ad
1005 3983 1495 4038 communionem
1550 3982 1823 4037 beneficii
1879 3982 2128 4037 humilis
2175 3983 2238 4036 et
2272 3982 2632 4048 egestuosus
2667 3981 2885 4036 vocat?
2921 3982 3058 4049 quis

499 4083 649 4138 eum,
704 4071 807 4138 qui
864 4071 1094 4138 primus
1151 4073 1246 4124 est
1298 4084 1534 4137 sempor
1588 4070 1650 4125 in
1708 4070 1961 4136 sarcina,
2011 4070 2104 4124 vel
2144 4069 2357 4124 ultimo
2393 4068 2521 4123 loco
2558 4082 2690 4123 esse
2726 4068 2956 4153 patitur
2992 4069 3055 4124 111

501 4157 769 4213 medela?
823 4158 897 4212 Et
951 4157 1090 4225 quid
1152 4158 1366 4225 plura?
1423 4156 1743 4212 Tributarii
1799 4157 2044 4211 omnino
2099 4169 2390 4224 pauperes
2432 4170 2552 4209 non
2590 4157 2900 4224 putantur,
2938 4156 3053 4211 nisi

502 4257 627 4299 cum
664 4246 739 4300 iis
779 4245 986 4300 tributi
1024 4245 1305 4299 cumulus
1343 4244 1703 4312 imponitur3
1740 4247 1916 4299 extra
1937 4258 2256 4298 numerum
2279 4242 2731 4298 tributariorum
2751 4246 2898 4297 sunt
2917 4257 3055 4299 cum

506 4331 755 4386 remedia
791 4331 1164 4386 dividuntur.

568 4416 604 4485 ¹)
642 4418 711 4473 In
769 4417 1175 4487 disputatione
1234 4432 1389 4485 quae
1444 4418 1721 4486 sequitur
1773 4417 1846 4472 de
1901 4417 2253 4485 quaestione
2291 4414 2658 4485 difficillima,
2706 4431 2776 4472 ea
2814 4418 3056 4473 tantum

511 4504 686 4574 attigi,
745 4520 897 4574 quae
952 4506 1025 4560 ad
1067 4508 1333 4560 nostram
1382 4520 1508 4559 16111
1546 4506 1868 4574 pertinent.
1908 4505 1979 4559 In
2019 4505 2370 4560 universum
2410 4504 2480 4558 de
2520 4504 2862 4560 discrimine
2899 4505 3057 4559 inter

517 4602 628 4660 cap.
664 4592 833 4647 hum.
869 4595 934 4648 et
970 4608 1096 4661 cap.
1134 4593 1282 4662 pleb.
1322 4593 1557 4660 egregie
1596 4592 1831 4660 scripsit
1874 4591 1994 4646 Lao
2031 4591 2159 4656 (Die
2197 4605 2318 4658 cap.
2360 4590 2525 4646 hum.
2565 4592 2688 4646 und
2709 4606 2836 4661 cap.
2854 4592 3054 4661 pleb.‚)

517 4687 585 4730 ex
619 4680 789 4746 cujus
826 4680 973 4736 libro
1011 4681 1205 4735 multa
1241 4680 1512 4735 lucratus
1549 4694 1703 4733 sum.

582 4763 620 4828 ²)
655 4763 716 4820 L.
753 4767 800 4820 1.
837 4765 895 4821 C.
933 4766 984 4821 J.
1023 4766 1129 4821 XI.
1168 4766 1252 4821 53.
