3770 5738
1723 523 1805 586 73

576 715 1052 783 Gravissimas
1098 735 1356 799 poenas
1403 720 1464 785 ei
1514 721 1825 785 minatur
1870 721 2006 803 1611,
2056 723 2207 787 sive
2256 726 2682 804 procurator,
2730 742 2855 789 seu
2896 743 3046 789 con-

481 835 754 918 ductor,
802 853 927 902 seu
974 839 1173 902 actor
1220 854 1345 903 seu
1396 838 1681 904 colonus
1730 841 1861 922 est,
1913 841 2029 922 qui
2080 841 2150 905 in
2205 841 2486 922 praedio
2535 859 2661 907 suo
2703 843 3042 908 latebram

483 955 774 1036 praebet
822 955 1162 1021 desertori
1211 974 1433 1038 neque
1482 957 1668 1029 ultro
1722 974 1882 1023 eum
1931 959 2157 1025 defert
2183 955 2256 1042 1).
2300 958 2372 1024 Si
2423 960 2731 1043 colonuS,
2758 964 2839 1025 ut
2871 962 3041 1026 mili-

484 1073 663 1137 tiam
745 1074 1237 1153 subterfugiat,
1325 1092 1543 1139 unum
1624 1075 1951 1156 pluresve
2022 1078 2279 1158 digitos
2348 1079 2480 1143 sibi
2567 1070 3041 1162 obtruncavit,

488 1195 1003 1274 concrematur3
1056 1193 1362 1274 itemque
1412 1194 1738 1259 dominus
1786 1196 2078 1276 punitur
2105 1196 2312 1276 quiid
2342 1213 2475 1261 non
2512 1198 2942 1278 prohibuerit
2969 1195 3041 1279 2).

486 1310 760 1375 Rursus
806 1311 1021 1376 etiam
1073 1315 1378 1377 cavetur·
1414 1330 1500 1377 ne
1543 1313 1698 1394 quis
1746 1313 2033 1379 colonus
2081 1315 2230 1379 sive
2279 1319 2527 1396 sponte
2576 1316 2728 1381 sive
2777 1317 2861 1381 ab
2887 1316 3046 1381 aliis

487 1431 774 1495 coactus
821 1429 1117 1495 militiae
1164 1447 1238 1495 se
1287 1430 1534 1496 offerat
1580 1434 1784 1497 extra
1835 1433 2172 1499 dilectum
2197 1429 2269 1514 3)

579 1547 683 1612 Ex
753 1548 944 1613 hisce
1014 1550 1338 1614 omnibus
1407 1550 1803 1616 luculenter
1875 1556 2168 1639 apparet
2236 1569 2371 1618 non
2446 1553 2725 1619 colonos
2772 1553 2959 1635 ipsos
3005 1572 3048 1618 a

489 1667 845 1748 republica
913 1627 1252 1771 repetitas
1318 1686 1492 1751 esse,
1565 1670 1686 1735 sed
1749 1688 2023 1752 semper
2071 1688 2509 1752 possessores
2557 1689 2673 1737 eos
2718 1674 3047 1754 praebere
3123 1702 3137 1717 ·

491 1785 811 1851 debuisse
861 1822 945 1832 —
999 1803 1135 1866 quo
1175 1788 1398 1867 magis
1445 1789 1745 1854 obnoxia
1799 1807 2037 1855 eorum
2087 1790 2395 1855 condicio
2443 1792 2783 1871 arguitur.

579 1903 693 1968 DE
738 1903 1417 1970 JURISDICTIONE
1465 1906 1741 1973 INTER
1788 1907 2185 1973 COLONOS
2227 1909 2337 1972 ET
2365 1904 3047 1995 ALIOSCOLONOS

492 2021 667 2087 VEL
761 2022 1038 2087 CIVES.
1114 2024 1215 2087 Ex
1290 2024 1504 2089 variis
1575 2027 2205 2091 constitutionibus
2277 2030 2475 2107 patet
2546 2027 2826 2093 colonos
2895 2028 3046 2109 lege

491 2266 609 2307 non
659 2254 1050 2322 castrensem,
1088 2268 1207 2309 non
1245 2254 1528 2310 comitem
1565 2269 1780 2311 sacrae
1804 2256 2013 2325 vestiS,
2050 2270 2171 2311 non
2209 2256 2440 2311 ceteros
2476 2256 2891 2327 cubicularioS,
2924 2272 3047 2314 11011

490 2340 855 2408 magistrum
917 2340 1265 2409 officiorum,
1326 2344 1704 2410 quaestorem
1765 2342 1861 2398 vel
1922 2343 2177 2397 comites
2231 2344 2384 2397 sacri
2440 2358 2507 2399 ac
2567 2344 2783 2412 privati
2837 2345 3048 2400 aerarii

486 2425 774 2496 illustreS,
801 2443 925 2483 non
950 2428 1151 2483 virum
1177 2429 1564 2497 spectabilem
1589 2430 1998 2498 primicerium
2025 2431 2414 2499 notariorum,
2439 2445 2559 2485 non
2586 2432 3049 2488 consistorianos

488 2515 742 2569 comites
798 2530 866 2570 ac
919 2515 1277 2571 scriniorum
1334 2518 1656 2584 magistros
1708 2518 1803 2572 vel
1861 2517 2137 2573 tribunos
2192 2519 2256 2572 et
2291 2518 2558 2573 notarios
2594 2519 2803 2574 eadem
2841 2519 3046 2574 damni

489 2601 719 2657 mulcta
755 2601 1062 2687 percellet;
1102 2617 1222 2657 non
1260 2603 1421 2658 viros
1457 2604 1817 2672 spectabiles
1853 2604 2108 2660 comites
2143 2604 2598 2670 archiatrorum,
2638 2620 2759 2661 non
2796 2606 3051 2661 comites

488 2689 734 2759 stabuli,
791 2704 934 2744 cura
987 2690 1213 2759 palatii,
1268 2691 1586 2758 6011018168,
1644 2692 1952 2761 proximos
2009 2692 2384 2759 scriniorum,
2441 2693 2769 2761 eademque
2807 2694 3049 2759 scrinia,

485 2776 740 2832 comites
819 2776 1303 2845 dispositionum,
1363 2778 1728 2843 decuriones,
1791 2779 2149 2847 magistrum
2207 2779 2647 2835 admissionum
2703 2781 2766 2835 et
2818 2782 3051 2836 ceteras

486 2864 722 2919 similes
771 2863 1061 2920 comitum
1116 2864 1422 2921 laboribus
1460 2866 1685 2922 nostris
1721 2866 2277 2938 socias-dignitates
2314 2866 2584 2934 ejusdem
2625 2868 3051 2936 praestationis

487 2966 619 3008 sors
687 2952 913 3021 teneat,
978 2966 1101 3008 non
1152 2954 1432 3008 tribunos
1496 2954 1589 3010 vel
1651 2955 2021 3024 praepositos
2080 2954 2375 3009 militares
2432 2958 2568 3024 post
2625 2956 3050 3011 testimonium

485 3039 863 3095 inveteratae
907 3039 1179 3095 militiae.
1216 3040 1495 3096 Habeant
1531 3042 1593 3095 in
1631 3055 1953 3096 commune
1992 3056 2218 3110 omneS‚
2256 3040 2384 3095 sive
2421 3042 2565 3096 dum
2603 3042 3051 3113 administrant,

484 3141 595 3182 seu
634 3127 955 3195 postquam
991 3127 1567 3196 administraverint,
1606 3129 1880 3183 debitum
1919 3130 2114 3197 regiae
2153 3129 2531 3185 liberalitatis
2558 3129 3050 3194 officium;nemo

487 3214 736 3281 11101166,
772 3227 956 3282 equos
992 3215 1085 3270 vel
1121 3217 1591 3283 praestationem
1630 3217 1931 3271 aurariam
1970 3220 2265 3285 vereatur,
2291 3232 2473 3287 quem
2502 3217 2615 3272 sub
2634 3217 2784 3285 legis
2808 3221 3050 3273 nostrae

487 3301 805 3357 sanctione
840 3302 1276 3370 prosequimur.
1315 3302 1457 3358 Illos
1495 3305 1737 3359 tantum
1775 3303 2042 3359 tironum
2079 3305 2259 3372 atque
2294 3305 2425 3359 auri
2447 3319 2672 3358 munus
2694 3304 3051 3373 adstringat,

486 3403 639 3457 quos
674 3388 1019 3443 honorarios
1057 3389 1289 3444 vocavit
1324 3389 1672 3458 antiquitas,
1710 3391 1805 3445 vel
1825 3391 1930 3459 qui
1958 3390 2148 3447 fasces
2168 3391 2434 3446 civilium
2455 3390 2720 3459 partium
2740 3392 3050 3447 consecuti

487 3475 659 3531 nulla
696 3475 865 3544 prius
900 3476 1203 3530 laboribus
1242 3477 1591 3533 rudimenta
1626 3481 1979 3546 posuerunt.
2017 3478 2099 3533 De
2119 3479 2266 3548 ipsis
2282 3479 2468 3533 etiam
2492 3478 2770 3534 militaris
2790 3479 3052 3534 nominis

490 3563 641 3618 viris
696 3576 799 3617 eos
852 3563 1220 3631 praepositos
1275 3564 1369 3618 vel
1425 3565 1700 3620 tribunos
1743 3580 1778 3620 a
1813 3565 2142 3634 privilegiis
2179 3566 2466 3621 convenit
2500 3579 2632 3620 esse
2669 3565 2911 3631 alienOS‚
2948 3567 3050 3634 qui

488 3652 827 3706 castrorum
863 3652 1142 3719 expertes
1177 3650 1498 3717 habentur,
1533 3666 1645 3707 nec
1683 3652 1745 3708 in
1784 3652 2023 3708 hostem
2064 3653 2277 3708 Martio
2312 3666 2447 3707 aere
2484 3653 2819 3708 caluerunt.

562 3739 602 3806 ¹)
639 3737 702 3792 L.
740 3737 824 3792 21.
862 3737 921 3792 C.
959 3737 1065 3793 Th.
1100 3737 1237 3793 VII.
1275 3738 1357 3793 13.
1395 3737 1680 3807 Tempore
1717 3740 2016 3795 tironatus
2051 3754 2260 3795 eorum
2296 3741 2727 3808 procuratores,
2764 3739 2866 3807 qui
2902 3738 3052 3794 refu·

488 3842 596 3895 gas
648 3825 1037 3882 occultandos
1089 3826 1454 3896 putaverint,
1506 3827 1616 3881 aut
1666 3841 1785 3882 non
1840 3827 1952 3895 ipsi
2005 3828 2219 3896 sponte
2273 3827 2685 3896 produxerint,
2731 3827 2795 3882 in
2825 3826 3052 3894 judicio

485 3914 968 3982 praesententur,
1022 3928 1090 3968 ac
1144 3928 1369 3982 poenas
1422 3913 1611 3968 veluti
1665 3914 1918 3968 rebelles
1951 3928 2019 3969 80
2057 3914 2434 3969 decretorum
2472 3915 2863 3969 temeratores
2898 3928 3050 3969 com·

486 4000 792 4070 pellantur
826 4001 1153 4056 exsolvere.
1179 4031 1230 4040 -
1260 4000 1312 4056 N
1318 4015 1410 4056 ov,
1430 3999 1557 4055 Val.
1577 3999 1678 4056 VI.
1698 4002 1744 4055 1.
1765 4002 1798 4068 ἓ
1822 4003 1868 4056 1.
1889 4001 1991 4056 fin.
2014 4001 2180 4069 Quod
2203 4002 2252 4056 si
2275 4001 2583 4056 nesciente
2603 4001 2842 4056 domino
2863 4000 3052 4055 deser·

487 4088 582 4143 tor
632 4087 697 4142 111
735 4086 1056 4155 cujuslibet
1091 4087 1340 4143 aedibus
1373 4087 1634 4156 latuerit,
1671 4087 1971 4157 colonum,
2008 4088 2433 4143 conductorem
2468 4089 2809 4144 actoremve
2845 4088 2945 4156 qui
2991 4087 3051 4143 id

490 4175 706 4240 scierit,
743 4175 980 4244 capitali
1018 4175 1308 4244 supplicio
1343 4188 1475 4230 esse
1510 4174 1823 4230 feriendos

559 4263 602 4328 ²)
638 4262 701 4316 L.
754 4263 805 4317 5.
860 4261 918 4317 G.
973 4262 1078 4318 Th.
1117 4262 1249 4318 VII.
1304 4264 1387 4317 13.
1441 4262 1504 4318 Si
1557 4264 1693 4331 quis
1746 4262 1820 4318 ad
1857 4261 2141 4330 fugienda
2177 4263 2555 4318 sacramenta
2592 4262 2839 4318 militiae
2873 4260 3055 4318 fuerit

491 4349 777 4405 inventus
813 4350 1191 4406 truncatione
1228 4349 1554 4418 digitorum
1591 4350 1883 4405 damnum
1921 4350 2182 4419 corporis
2218 4349 2550 4418 expedisse,
2569 4352 2632 4404 et
2650 4350 2774 4419 ipse
2793 4349 3055 4405 flammis

496 4436 806 4492 ultricibus
858 4440 1291 4507 concremetur,
1344 4438 1405 4492 et
1450 4437 1731 4492 dominus
1764 4436 1914 4506 eJuS‚
1951 4436 2053 4506 qui
2091 4451 2211 4492 non
2249 4436 2541 4505 prohibet,
2577 4436 2741 4504 gravi
2780 4436 3052 4492 condem·

498 4524 737 4579 natione
773 4523 1037 4579 feriatur.

565 4609 604 4678 ⁸)
640 4610 704 4664 L.
745 4609 795 4665 3.
833 4609 892 4666 C.
929 4611 981 4666 J.
1020 4611 1160 4666 XII.
1194 4611 1281 4666 33.
1318 4610 1471 4666 Cura
1507 4610 1776 4680 pervigili
1813 4611 2128 4665 observare
2166 4610 2405 4665 debebit
2439 4610 2782 4666 sublimitas
2817 4612 2941 4677 tua,
2979 4625 3053 4666 ne

502 4695 685 4751 coloni
723 4696 816 4752 vel
853 4697 1193 4753 saltuenses
1230 4699 1338 4753 aut
1375 4697 1531 4753 ultro
1570 4712 1634 4752 se
1672 4698 1994 4753 offerentes
2029 4698 2103 4753 ad
2143 4697 2421 4753 militiam
2442 4698 2853 4766 suscipiantur
2868 4712 3052 4753 arma·

507 4788 625 4840 tam
660 4786 769 4840 aut
802 4789 1093 4855 cogantur
1128 4788 1321 4842 inviti.
1350 4817 1400 4826 —
1430 4787 1490 4841 L.
1524 4788 1573 4842 1.
1593 4786 1651 4842 C.
1672 4786 1724 4842 J.
1746 4785 1883 4841 XII.
1905 4786 1990 4841 43.
2013 4786 2229 4842 Nullus
2250 4787 2367 4841 tiro
2392 4800 2582 4855 vagus
2598 4787 2707 4841 aut
2730 4787 3054 4842 veteranus

512 4872 610 4924 aut
659 4872 936 4928 censibus
989 4874 1288 4930 obnoxius
1341 4874 1414 4930 ad
1464 4874 1739 4929 militiam
1779 4872 2040 4928 accedat.
2086 4903 2138 4912 -
2185 4874 2305 4928 Lao
2347 4873 2474 4939 (Die
2512 4887 2637 4941 cap.
2673 4872 2840 4927 hum.
2877 4887 2932 4941 p.
2966 4874 3051 4927 95.
