3770 5738
1658 494 1740 558 19

420 689 665 756 autem
712 688 1003 756 fuerunt
1043 690 1593 756 constitutiones
1619 691 1806 757 circa
1832 690 2088 755 liberos
2114 664 2542 772 adscripticii
2571 709 2649 756 ac
2677 690 2993 757 mulieris

420 808 703 875 liberae.
778 809 1017 874 Antea
1085 826 1237 875 mos
1303 810 1537 876 fuerat
1590 810 1772 875 tales
1819 809 2305 890 adscripticios
2353 826 2507 875 esse
2536 805 2610 893 ¹).
2660 811 2702 874 J
2707 810 2992 876 ustinia·

422 944 562 992 nus
609 943 776 992 vero
824 926 1087 992 statuit
1132 930 1216 993 ut
1264 944 1353 992 ex
1406 927 1807 1008 hujusmodi
1858 927 2154 994 conubio
2199 928 2349 992 nati
2405 931 2706 993 matrem
2751 945 2994 1009 seque·

425 1048 675 1110 rentur
729 1048 804 1110 et
870 1045 1158 1127 perinde
1219 1063 1301 1111 ac
1362 1062 1445 1111 ea
1513 1046 1716 1111 liberi
1787 1046 2047 1124 essent,
2121 1045 2242 1110 sed
2316 1062 2475 1110 cum
2539 1045 2749 1127 huJus
2795 1047 2994 1111 bene-

425 1163 565 1229 ficii
649 1163 949 1229 timeret
1003 1164 1301 1229 abusum
1378 1181 1467 1229 ne
1544 1163 1977 1246 adscripticii
2054 1166 2475 1229 conarentur
2547 1163 2994 1229 matrimonia

426 1281 842 1348 contrahere
915 1285 1040 1347 aut
1125 1282 1456 1348 simulare
1531 1299 1686 1348 eam
1734 1285 2021 1347 tantum
2068 1283 2154 1349 ob
2211 1298 2494 1347 causam
2544 1284 2627 1347 ut
2677 1285 2996 1363 posteros

428 1417 593 1465 suos
661 1399 916 1465 liberos
984 1400 1377 1480 redderent,
1438 1399 1713 1465 addidit
1782 1399 2063 1464 domino
2126 1401 2554 1480 potestatem
2620 1416 2794 1482 esse,
2844 1399 2995 1465 sive

429 1534 552 1600 per
629 1534 702 1583 se
776 1518 926 1583 sive
995 1518 1259 1617 auxilio
1330 1518 1658 1583 invocato
1730 1517 2132 1600 provinciae
2205 1517 2568 1599 praesidis,
2631 1518 2861 1583 virum
2908 1517 2995 1593 ab

431 1653 649 1702 uxore
694 1636 1191 1717 abstrahendi3
1240 1636 1423 1717 quod
1472 1636 1530 1702 si
1582 1636 2013 1717 neglexisset
2038 1635 2109 1701 in
2137 1634 2290 1716 eJus
2316 1635 2647 1700 damnum
2678 1635 2747 1700 id
2773 1652 2996 1701 rever·

433 1757 702 1820 teretur
729 1752 803 1837 ²).
880 1753 1137 1820 Postea
1183 1754 1370 1820 idem
1433 1754 1814 1835 imperator
1874 1771 1955 1820 eo
2018 1769 2428 1836 progressus
2476 1756 2588 1818 est
2634 1756 2717 1819 ut
2763 1753 2996 1835 huJus-

435 1873 617 1938 modi
682 1873 1131 1939 matrimonia
1196 1889 1483 1955 prorsus
1545 1872 2020 1953 interdiceret,
2072 1872 2224 1938 sive
2272 1871 2500 1937 invito
2548 1888 2672 1937 seu
2722 1872 2997 1938 conscio

434 1991 709 2056 domino
749 1993 1151 2073 contracta3
1219 2008 1397 2073 quae
1444 1992 1504 2056 si
1557 1992 1798 2057 tamen
1844 1991 2456 2072 contraherentur,
2505 1989 2820 2071 legitima
2857 2007 2995 2055 non

436 2111 670 2174 essent
740 2112 814 2174 et
886 2109 1185 2174 maritus
1253 2109 1526 2175 modica
1596 2126 1821 2190 poena
1896 2108 2213 2174 adhibita
2271 2108 2359 2172 ab
2423 2124 2641 2173 uxore
2688 2109 2999 2173 amoveri

437 2229 672 2307 posset
698 2222 770 2309 ³).
844 2227 1161 2308 Apparet
1238 2228 1479 2316 autem
1553 2243 1645 2292 ex
1713 2226 2036 2309 plurimis
2105 2226 2758 2309 constitutionibuS,
2825 2243 3001 2307 quae

436 2490 648 2561 vando,
684 2491 769 2560 ut,
815 2490 866 2546 si
902 2505 981 2546 ex
1017 2491 1199 2546 libero
1237 2491 1454 2547 marito
1489 2492 1554 2547 61
1586 2490 1969 2561 adscripticia
2005 2504 2194 2547 uxore
2234 2491 2445 2560 partus
2480 2490 2660 2545 fuerit
2697 2490 2914 2557 editus,
2950 2491 3004 2547 is'

438 2579 745 2633 maternae
780 2577 1149 2633 condicionis
1185 2577 1506 2646 maculam,
1541 2591 1665 2633 non
1702 2579 2017 2647 paternam
2054 2578 2346 2647 sequatur
2379 2577 2737 2633 libertatem.
2771 2608 2823 2617 —
2852 2577 3001 2634 Nov.

438 2663 595 2720 Just.
631 2663 783 2720 LVI.
821 2663 957 2734 Gap.
993 2665 1043 2720 1.
1078 2664 1232 2720 Nam
1271 2664 1321 2720 si
1358 2664 1527 2720 liberi
1545 2664 1728 2734 aliqui
1753 2680 1818 2720 se
1838 2664 2235 2735 adscripticiis
2254 2665 2644 2734 coniungant,
2665 2665 3001 2720 secundum

445 2753 707 2807 rationes
739 2751 800 2808 in
834 2751 1268 2808 constitutione
1302 2752 1787 2822 comprehensas,
1805 2751 2071 2808 infantes
2090 2753 2347 2807 matrem
2367 2751 2725 2821 sequuntur,
2746 2751 2907 2807 unde
2928 2751 3003 2807 ad

440 2838 778 2896 libertatem
798 2853 936 2912 ,non
972 2838 1351 2909 perveniunt.
1394 2868 1446 2879 —
1491 2838 1638 2896 Nov.
1674 2838 1833 2896 Just.
1870 2838 2102 2895 CLXII.
2140 2837 2278 2909 Cap.
2312 2838 2382 2895 2.
2511 2838 2667 2894 .sed
2688 2838 3004 2908 siquidem

441 2927 690 2982 omnino
744 2926 871 2982 nati
924 2925 1156 2983 fuerint
1207 2926 1451 2995 quidam
1503 2926 1567 2982 in
1614 2926 1814 2995 aliquo
1861 2926 2101 2996 praedio
2144 2927 2196 2982 si
2233 2880 2491 2995 quidem
2514 2941 2592 2982 ex
2626 2926 3005 2996 adscripticia

442 3015 653 3082 matre,
688 3012 1082 3070 manifestum
1117 3015 1212 3069 est
1247 3027 1349 3069 eos
1384 3013 1631 3069 omnino
1666 3013 2067 3083 inscripticios
2101 3012 2244 3070 fore.

514 3101 553 3169 ¹)
600 3099 964 3156 Constitutio
1017 3100 1245 3156 Justini
1301 3100 1374 3155 de
1420 3099 1561 3156 filiis
1607 3100 1930 3156 liberarum
1970 3141 2189 3156 .....
2224 3100 2325 3156 lex
2365 3138 2589 3156 .....
2623 3101 3004 3156 constituens

384 3193 389 3202 '
440 3188 674 3244 creatos
706 3201 786 3243 ex
819 3187 1006 3243 libera
1041 3188 1234 3243 matre
1269 3189 1333 3242 61
1365 3187 1744 3256 adscripticio
1779 3188 1998 3244 marito
2033 3187 2249 3243 liberos
2274 3201 2425 3243 esse.
2445 3187 2610 3255 Quod
2633 3187 3003 3243 contrarium

440 3276 536 3331 est
563 3274 796 3343 legibus
827 3274 1111 3343 antiquie,
1132 3289 1273 3330 611111
1290 3274 1426 3330 11186
1445 3273 1766 3330 manifeste
1785 3274 2185 3331 decreverunt
2201 3273 2387 3329 talem
2408 3274 2680 3330 subolem
2699 3274 3003 3343 adscripti-

441 3363 596 3417 ciam
648 3376 801 3418 esse.
844 3391 894 3401 -
941 3361 1090 3417 Nov.
1140 3360 1297 3417 Just.
1335 3360 1567 3417 CLXII.
1604 3360 1740 3430 Cap.
1775 3361 1810 3416 2
1829 3402 1989 3417 .....
2023 3361 2267 3416 tametsi
2304 3360 2669 3430 adscripticii
2705 3375 2828 3416 non
2862 3361 3002 3417 facti

441 3449 571 3504 sint
602 3447 939 3504 secundum
969 3448 1074 3517 jus
1110 3448 1431 3517 antiquum
1472 3489 1693 3503 .....

512 3537 555 3602 ¹)
598 3535 660 3591 L.
694 3535 780 3591 24.
817 3534 876 3591 G.
913 3534 967 3591 J.
1004 3534 1112 3590 XI.
1149 3535 1233 3591 48.
1272 3535 1334 3591 Si
1369 3535 1472 3604 qui
1508 3534 1922 3604 adscripticiae
1961 3534 2328 3590 condicionis
2363 3534 2681 3591 constituti
2720 3535 3004 3591 mulieres

441 3622 659 3678 liberas
710 3636 1092 3691 quacumque
1149 3625 1355 3677 mente
1408 3624 1518 3677 aut
1569 3635 1953 3690 quacumque
2007 3621 2453 3678 machinatione
2501 3621 2628 3676 sive
2671 3622 3005 3677 scientibus

445 3709 704 3766 dominis
733 3711 860 3766 sive
891 3709 1312 3779 ignorantibus
1343 3709 1455 3765 sibi
1483 3723 1706 3766 uxores
1724 3710 2198 3778 coniunxerunt,
2218 3708 2313 3763 vel
2332 3710 2540 3777 postea
2556 3709 3004 3778 conjunxerint,

380 3803 391 3816 ⁹
444 3797 509 3852 in
559 3812 670 3852 sua
703 3797 978 3857 libertate
1016 3811 1367 3866 permanere
1404 3798 1529 3851 tam
1567 3810 1670 3852 eas
1703 3810 1887 3864 quam
1925 3795 2152 3864 prolem
2189 3809 2343 3864 quae
2379 3810 2457 3852 ex
2500 3795 2588 3850 eis
2625 3797 3007 3866 cognoscitur

446 3886 755 3953 procreata
804 3885 1114 3940 sancimus
1152 3924 1374 3939 .....
1423 3882 1537 3939 Sed
1587 3897 1664 3938 ne
1699 3881 2062 3951 adscripticii
2097 3884 2318 3951 putent
2355 3883 2467 3938 sibi
2502 3883 2854 3952 inpunitum
2871 3896 3005 3938 esse

446 3970 567 4026 tale
605 3985 918 4042 conamen,
954 3971 1112 4039 quod
1150 3970 1417 4027 maxime
1454 3970 1787 4025 verendum
1823 3970 1936 4040 est,
1973 3983 2047 4024 116
2086 3969 2408 4025 liberarum
2432 3969 2756 4025 mulierum
2778 3970 3006 4039 nuptiis

445 4058 520 4114 ab
556 4057 653 4112 his
687 4058 1045 4127 excogitatis
1079 4057 1374 4127 paulatim
1410 4056 1758 4126 hujusmodi
1796 4056 2115 4112 hominum
2152 4057 2422 4113 condicio
2458 4057 2780 4124 decrescat,
2817 4057 3004 4112 sanci·

450 4159 602 4213 mus,
626 4143 840 4214 si‘quid
859 4144 979 4200 tale
1000 4144 1183 4201 fuerit
1197 4145 1271 4201 ab
1292 4143 1673 4213 adscripticio
1690 4145 2120 4213 perpetratum,
2138 4144 2386 4199 liberam
2405 4143 2623 4199 habere
2641 4144 3005 4212 potestatem

452 4231 763 4289 dominum
806 4233 938 4301 ejus
985 4232 1113 4287 sive
1158 4245 1264 4301 per
1302 4245 1366 4287 se
1411 4231 1538 4286 sive
1585 4244 1689 4300 per
1730 4230 2063 4299 praesidem
2098 4231 2438 4299 provinciae
2474 4229 2655 4286 talem
2695 4230 3005 4287 hominem

451 4319 838 4388 castigatione
897 4318 1208 4375 moderata
1271 4317 1563 4386 corrigere
1592 4318 1683 4373 ·et
1741 4316 2090 4373 abstrahere
2148 4332 2183 4373 a
2238 4318 2343 4373 tali
2405 4317 2673 4373 muliere.
2734 4318 2899 4385 Quod
2952 4317 3005 4373 si

411 4403 799 4475 ''neglexerit,
835 4406 990 4462 sciat
1020 4405 1081 4461 in
1121 4419 1303 4460 suum
1346 4405 1636 4460 damnum
1673 4403 2024 4472 hujusmodi
2062 4404 2352 4460 desidiam
2387 4419 2782 4460 reversuram.

520 4493 559 4556 ⁸>
612 4493 759 4549 Nov.
802 4492 965 4549 Just.
1018 4491 1219 4548 XXII.
1276 4490 1410 4561 Cap.
1461 4491 1544 4547 17.
1591 4490 1991 4560 Adscripticio
2026 4493 2233 4546 autem
2268 4491 2462 4548 alieno
2499 4491 2724 4547 nubere
2758 4492 3005 4547 liberam

454 4594 572 4636 non
628 4580 773 4636 licet
824 4593 1021 4648 neque
1068 4580 1385 4648 ignorante
1434 4592 1629 4647 neque
1678 4579 1909 4642 sciente
1964 4593 2158 4648 neque
2195 4579 2613 4634 consentiente
2649 4592 3005 4647 possessore,

455 4666 557 4721 sed
607 4667 750 4723 licet
800 4666 1024 4736 aliquid
1082 4665 1202 4721 tale
1255 4667 1329 4721 ab
1382 4664 1761 4734 adscripticio
1810 4667 2070 4736 geratur,
2120 4665 2324 4722 licebit
2376 4666 2618 4722 domino
2653 4665 2768 4735 ipsi
2802 4679 2908 4734 per
2941 4678 3006 4719 se

454 4755 514 4808 et
571 4768 674 4824 per
737 4752 1077 4824 provinciae
1138 4753 1408 4821 judicem
1465 4752 1761 4820 castigare
1815 4752 2008 4822 plagis
2063 4753 2465 4810 mediocribus
2519 4752 2667 4808 11866
2721 4754 3006 4822 agentem

458 4840 914 4911 adscripticium,
968 4841 1033 4895 et
1082 4840 1430 4896 abstrahere
1482 4839 1555 4895 ab
1610 4853 1681 4894 68
1732 4853 1885 4908 quae
1940 4839 2165 4897 frustra
2217 4841 2271 4898 ei
2322 4841 2651 4910 coniuncta
2684 4841 2794 4896 est.
2829 4838 3006 4894 Unde

2735 4937 2797 4990 2.
